3208 4918
658 421 856 472 ocruvrus.
1237 409 1301 477 37⁷

212 581 314 648 opere
338 567 478 629 curavit.
521 563 624 647 Apud
647 565 790 642 insulem
813 564 975 648 Capreas,
1004 569 1191 634 veterrimae
1212 566 1304 636 ilicis

213 666 376 731 demissos
386 673 396 712 ³
408 667 480 751 jum
495 666 539 730 ad
555 673 674 730 terram
687 667 948 750 languentesque
962 688 1073 733 remos
1090 671 1302 735 convaluisse

213 767 357 831 adventu
372 786 445 844 suo,
461 767 547 831 adeo
561 767 693 832 laetatus
707 774 770 844 est,
785 776 823 833 ut
835 787 895 832 ens
907 774 923 816 4
934 789 1009 834 οιιιιι
1026 770 1195 854 republica
1207 771 1302 835 Nen-

212 869 461 951 politanorum⁰
494 871 744 952 permutauerit,
769 869 930 934 AEnarial’
953 869 1045 935 data.
1089 871 1302 936 Observabet

212 976 246 1034 et
268 969 339 1035 dies
354 969 540 1052 quosdam:¹
561 989 603 1032 ne
627 977 685 1034 aut
709 970 872 1052 postridie
900 971 1066 1036 nundinas
1079 980 1112 1020 ⁵¹
1130 991 1301 1056 quoquam

211 1069 488 1152 proficisceretur,
508 1078 568 1134 aut
581 1071 714 1134 Nouis⁵
732 1072 912 1156 quicquam
931 1075 977 1137 rei
991 1077 1088 1138 seriae
1105 1075 1300 1152 inchoaret;

213 1173 293 1235 nihil
308 1173 341 1234 iu
354 1173 419 1236 boc
436 1171 568 1254 quidem
583 1172 673 1236 alind
695 1173 858 1248 devitans,
872 1180 910 1238 ut
932 1174 976 1238 ad
991 1175 1156 1238 Tiberium
1172 1175 1299 1251 scribit,

213 1293 313 1356 qurum
327 1271 503 1366 δυσφημίαν*
527 1274 681 1339 neminie.
724 1274 803 1354 [ee]
831 1275 1079 1358 Peregrinarum
1095 1276 1300 1342 coerimonia-

665 1484 845 1509 navemn

212 1641 260 1685 -t
279 1636 395 1687 Dbniaror
412 1637 496 1686 Perii.
511 1635 627 1686 Heriem.
639 1634 711 1685 (ἔστι.
724 1637 791 1688 Edd.
811 1639 884 1688 Rom
906 1636 1011 1688 Medici.
1030 1638 1091 1686 Bra.
1107 1641 1135 1684 et
1152 1637 1185 1684 al.
1205 1643 1302 1699 prater

214 1701 280 1750 Veu.
292 1703 317 1750 l.
333 1701 423 1765 Stepb.
441 1701 597 1751 concinnet
619 1706 779 1752 recente-⁴
797 1702 832 1752 Ut
848 1717 887 1751 eor
906 1709 1050 1764 correctum
1070 1699 1162 1750 eadem
1180 1714 1257 1750 mauu
1274 1700 1301 1750 iu

213 1765 318 1814 Merum.
350 1766 414 1815 'l'urn
424 1766 608 1827 permatura-int
620 1763 697 1815 babet
711 1764 805 1828 Regina
818 1766 924 1828 Codex;
941 1765 1105 1815 terteBurm.
1140 1764 1206 1814 Item
1218 1766 1301 1813 AEum·

212 1830 250 1878 riu
261 1829 300 1878 vel
312 1830 424 1880 AEuiurio
433 1830 531 1879 Medic.
543 1829 723 1881 1.³.Vinu.u.
738 1829 786 1882 Ed.
794 1832 860 1879 Ven.
872 1834 896 1880 1.
913 1831 1038 1880 AEaminou
1050 1829 1162 1890 Cup—5
1179 1827 1302 1878 liutuald.

212 1895 309 2006 primm
327 1893 390 1942 iecit
401 1908 481 1948 amur.
493 1907 603 1956 eumque
619 1903 679 1943 aunt
696 1895 779 1943 recurri
791 1892 850 1945 Ald.
861 1895 922 1944 Bae.
938 1893 1029 1956 steph.
1062 1893 1126 1940 Mox
1137 1892 1222 1942 ominis
1233 1907 1300 1954 prra-

230 1965 275 2007 eut
286 1958 352 2005 uuo.
369 1959 442 2008 Rom.
453 1958 558 2008 Mediol.
568 1958 634 2008 Veu.
646 1957 713 2014 duee,
727 1956 807 2020 bugd.
825 1957 900 2010 lunt.
914 1958 973 2008 Ald.
983 1959 1044 2007 Bae.
1060 1957 1161 2019 Grypb.
1173 1957 1260 2004 Plant.
1273 1961 1302 2004 et

212 2021 318 2069 al.cum
339 2022 420 2072 Codd.
440 2023 600 2085 qrribundnm.
632 2021 716 2085 Supra
737 2020 1102 2082 inViud.1.serreiuconret.
1135 2019 1219 2069 Deeat
1237 2021 1302 2068 uliud

211 2083 308 2137 Medic.
321 2090 344 2136 l.
356 2087 417 2136 item
428 2102 497 2150 quom
508 2087 545 2136 illi
557 2094 584 2136 nt
595 2087 684 2150 tertio,
696 2091 726 2134 nt
736 2093 764 2140 et
779 2084 912 2148 δυσφημίαν
930 2085 1072 2136 omiserunt
1088 2082 1153 2134 Edd.
1166 2082 1241 2133 Rom.
1253 2097 1301 2146 pro

702 2263 812 2316 NOTAE

212 2383 321 2428 tentatur
348 2377 416 2427 idam
451 2377 546 2428 ibidem
574 2377 736 2428 Halicanum.
774 2378 809 2426 air
824 2376 879 2426 bne
891 2375 1024 2440 praecipua
1037 2373 1147 2428 videtur,
1159 2371 1220 2421 ideo
1231 2383 1302 2420 neur-

212 2453 263 2503 Ubi
281 2455 358 2503 etiam
378 2461 481 2503 cereata
489 2453 553 2503 dicit
564 2453 678 2518 Trojnun
689 2467 737 2502 nu·
775 2467 808 2516 pe
819 2451 923 2507 factum,
936 2459 964 2500 ut
982 2457 1041 2500 octo
1062 2447 1154 2497 diebus
1173 2443 1261 2496 rustici
1273 2446 1302 2495 in

211 2530 289 2590 nilne,
305 2543 362 2593 qun
380 2543 465 2580 aecum
481 2531 574 2579 AEuear
585 2529 737 2594 advexerat,
774 2529 842 2593 agris
856 2543 921 2591 opua
939 2525 1068 2587 iacerent,
1082 2538 1150 2573 nouo
1161 2528 1247 2572 auteur
1258 2520 1302 2572 din

212 2605 279 2654 luter
290 2613 382 2669 queret
394 2607 477 2670 iprum
487 2606 640 2658 Palladium.
775 2605 928 2658 interminae,
949 2602 981 2650 ad
997 2599 1163 2650 mercandum
1179 2599 1301 2662 legetque

245 2687 257 2712 ⁰
280 2683 339 2730 Canu
364 2697 413 2744 rep.
439 2683 573 2746 Neapolit]
607 2683 736 2732 civitaten
775 2678 939 2743 accipiendae
955 2678 1061 2728 Romam
1079 2676 1207 2735 uenirent,
1222 2673 1302 2721 reita·

213 2757 460 2822 nouuullarnthuam
470 2756 737 2821 Reipltomauret'or·
774 2771 824 2822 qne
848 2755 930 2820 plebia
951 2761 978 2803 et
998 2751 1229 2802 Senatuaconanlta
1250 2747 1301 2798 fre-

213 2845 280 2880 mam
297 2832 465 2894 retinuerunt,
476 2838 504 2882 ut
518 2846 596 2895 supra
608 2847 631 2883 c.
647 2837 689 2882 lu.
709 2839 738 2882 et
774 2833 908 2898 quentiore
921 2829 1016 2894 populo
1029 2833 1243 2892 proponerentur.

212 2907 251 2956 lniu
261 2923 306 2958 aua
317 2916 392 2959 eruut
403 2909 604 2970 uectigaliaboc
612 2914 662 2972 eat,
674 2907 737 2972 pub·
806 2905 912 2968 *NouiaJ
924 2906 988 2954 iimo
995 2911 1036 2954 eat
1046 2901 1184 2967 peculiari·
1193 2899 1304 2965 Augusti

211 2981 254 3032 lici
266 2982 375 3045 reditur,
385 2989 414 3034 ut
433 2997 511 3048 nupra
521 2983 584 3034 ibid.
600 2983 696 3034 in'l'ib.
711 2997 737 3033 n.
774 2981 938 3047 auperatitio:
957 2977 1165 3044 publicaquippe
1175 2975 1301 3040 supereti-

215 3061 256 3108 tu.
267 3066 294 3107 et
307 3059 376 3108 alibi.
775 3061 845 3108 tlone
867 3063 923 3107 ater
939 3069 990 3106 uon
1008 3060 1065 3104 erat
1088 3052 1220 3102 Nonarum
1239 3048 1305 3111 dien,

246 3138 260 3172 Ρ
274 3133 387 3196 AEunria]
404 3133 492 3184 lnanla
508 3142 549 3185 eat
563 3135 589 3184 iu
610 3134 667 3183 niun
684 3133 737 3183 Pu·
774 3133 820 3182 red
831 3131 969 3195 ponterior,
983 3125 1196 3192 quemadmodum
1208 3131 1236 3174 et
1248 3124 1301 3173 Ka-

215 3209 316 3258 teolauo
327 3224 334 3268 3
346 3210 384 3258 aio
396 3209 489 3260 dictam
502 3212 589 3260 uolunt
599 3224 615 3258 a
626 3209 737 3258 ulatione
775 3208 907 3257 leudunum
916 3214 943 3253 et
954 3203 1056 3264 Iduum,
1066 3207 1096 3249 nt
1107 3205 1180 3249 notat
1192 3213 1224 3248 ex
1236 3198 1303 3246 Ver·

213 3286 316 3335 navium
335 3287 431 3338 AEnenn.
463 3287 551 3337 Hodie
569 3287 657 3337 lubin·
690 3287 737 3336 Ca·
775 3283 814 3334 rio
835 3278 1098 3338 Flaccolieroaldua,
1119 3281 1196 3324 etex
1214 3273 1302 3324 Nonio

211 3377 281 3427 prere
294 3377 355 3412 vero
367 3364 448 3428 Capri,
466 3363 499 3413 de
511 3376 560 3430 qua
571 3363 655 3412 insola
666 3374 736 3425 nepe
775 3358 902 3409 Marcello
917 3369 941 3404 c.
951 3359 976 3404 2.
992 3353 1017 3402 in
1037 3365 1101 3400 voce
1120 3349 1203 3398 ‘utri’
1220 3355 1302 3413 patet.

212 3438 362 3490 in'l'iberio.
776 3433 858 3498 quue
881 3437 988 3496 propter
1014 3425 1155 3478 infortunia
1177 3424 1302 3488 quedam,

244 3523 256 3558 ἢ
274 3515 334 3564 Dion
345 3513 466 3578 mundar]
482 3513 542 3564 Hoc
553 3520 604 3574 eat,
612 3511 737 3578 peculiari
775 3505 1002 3575 quarternum
1018 3503 1188 3566 contigerant,
1198 3499 1231 3550 de
1248 3499 1303 3563 qui·

212 3603 258 3638 nna
269 3591 461 3654 ruperitltiour,
473 3599 569 3652 praeter
580 3589 634 3639 dien
645 3589 689 3655 qni
700 3588 738 3637 in·
775 3586 823 3636 bun
836 3583 923 3634 Livius
936 3582 981 3632 lib.
993 3593 1033 3629 vr.
1045 3576 1150 3628 decadia
1163 3580 1186 3626 l.
1219 3575 1300 3624 Vide·

212 3663 289 3713 innati
300 3665 403 3730 publice
411 3667 581 3724 habebuntur,
589 3667 652 3716 alios
660 3665 738 3715 etiam
776 3661 811 3712 aia
823 3661 899 3710 etiam
912 3671 990 3720 nuper
1008 3655 1056 3704 bac
1075 3669 1104 3703 re
1121 3653 1195 3716 plura
1213 3651 1302 3700 diren-

213 3738 375 3797 obaeruabat,
386 3755 450 3805 qum
461 3741 503 3790 bic
513 3748 643 3792 recenset.
776 3743 826 3791 tea,
841 3729 1003 3783 Macrobium
1022 3728 1076 3802 lib.⁸
1083 3742 1102 3777 r.
1113 3742 1137 3777 c.
1149 3731 1189 3776 ln.
1201 3733 1229 3776 et
1240 3723 1302 3775 Gel-

246 3821 256 3848 2
273 3815 393 3866 Poatridie
413 3815 543 3878 modica]
561 3817 665 3866 Prater
682 3814 738 3864 Kn·
775 3811 838 3860 lium
850 3809 895 3859 lib.
907 3821 934 3856 v.
946 3809 1005 3854 ct.

212 3890 311 3954 lenden,
325 3891 422 3956 Nonae,
433 3892 538 3948 etldna,
550 3898 625 3942 eraut
637 3905 739 3956 qnoque
808 3887 817 3919 ⁸
831 3879 982 3947 Δνσφημίυ]
997 3879 1058 3928 Hoc
1075 3882 1124 3933 eat,
1145 3875 1301 3927 maledicen-

211 3970 238 4018 in
249 3982 335 4018 menae
351 3968 469 4021 Romano
486 3970 542 4020 dien
558 3968 738 4032 nundinarum,
776 3963 849 4019 tiam,
860 3974 907 4008 acu
918 3956 1055 4007 infaustam
1071 3951 1178 4002 uoruiuta
1189 3953 1230 4000 uel
1240 3951 1302 4001 ouri·

210 4044 284 4094 t'eriae
295 4045 396 4096 scilicet
412 4047 498 4110 quater
514 4043 597 4094 ferme
611 4043 637 4091 in
649 4048 737 4092 nostro
776 4037 815 4085 nia
827 4029 1050 4097 aigulfirntlouem,
1062 4027 1143 4077 Nouia
1155 4041 1178 4076 u.
1194 4041 1220 4091 g.
1230 4029 1303 4091 quant

211 4133 299 4169 menae
310 4119 487 4183 bebdomada,
503 4133 561 4169 cum
581 4119 628 4167 boe
646 4115 736 4165 diacri-
776 4125 828 4164 nou
839 4111 871 4170 ln,
882 4109 924 4159 oni
942 4106 1025 4156 nlmlle
1039 4110 1079 4154 ent
1091 4103 1159 4168 quod
1171 4101 1303 4168 decoqui

206 4183 288 4256 mine,
300 4196 368 4260 quod
388 4209 456 4246 nouo
474 4209 576 4260 qnoque
592 4192 634 4241 die
652 4203 738 4240 recnr-
778 4190 895 4240 Cauneau
918 4181 1028 4231 vaenrlaa
1048 4179 1187 4266 clamabat,
1208 4179 1302 4229 Cranno

213 4280 309 4323 rerent.
343 4272 384 4322 lix
400 4273 477 4324 rutila
495 4270 662 4322 inntitutiouir
679 4281 739 4318 can·
778 4277 867 4314 navem
886 4255 1087 4316 conscendente,
1102 4267 1175 4320 quaer
1188 4267 1251 4305 care
1268 4265 1302 4302 aa
