3228 4926
303 389 370 458 258
735 403 765 451 c.
787 398 965 452 snnrouu

305 549 531 635 epulandique
558 520 714 631 publicet
732 547 802 631 jus.
848 545 926 624 Quo
947 552 1061 611 autem
1083 545 1162 610 lecti
1185 548 1397 631 probatique,

303 660 337 717 ot
350 651 536 732 religiosius
551 657 584 714 et
597 650 724 714 minore
745 646 949 714 molestia⁵h
969 649 1137 712 senatoria
1159 668 1295 712 munera
1318 650 1395 713 fun·

303 757 464 834 gerentur,
486 753 611 828 sanxit,
634 757 672 815 nt
691 751 887 832 priusquam
903 749 1091 814 consideret
1106 749 1264 831 quisque,
1279 750 1396 814 thure⁶

303 871 345 915 ac
359 847 469 914 meroi
485 851 688 933 supplicaret
700 849 792 932 apud
808 869 900 914 aram
912 850 987 932 ejus
1000 849 1075 924 Dei,
1090 851 1125 913 in
1136 850 1231 932 cujus
1244 849 1396 934 templo*

302 951 463 1016 coirctru':
484 958 517 1014 ct
538 971 578 1013 ne
598 949 676 1032 plns
692 969 792 1032 quam
808 950 861 1013 bis
877 951 1035 1013 inmense
1047 950 1217 1032 legitimus
1232 937 1395 1016 Senatus¹

302 1060 472 1132 ageretur‚⁷
490 1049 654 1116 Kalendis
669 1057 701 1114 et
715 1051 851 1115 Idibus:
862 1059 881 1086 ¹²¹
898 1069 979 1114 neve
996 1051 1183 1134 Septembri
1196 1049 1394 1116 Octobrive¹¹

301 1170 415 1216 manse
428 1152 517 1216 ullos
532 1152 653 1216 adessa
664 1153 750 1216 alios
765 1171 903 1218 neccsse
917 1157 1017 1229 essct,
1029 1171 1130 1234 quam
1142 1157 1233 1217 sorte
1248 1153 1395 1230 ductos,⁰

300 1453 348 1496 -5
366 1445 485 1496 Modestia
495 1446 563 1496 Ven.
574 1452 598 1497 8.
609 1451 634 1496 8.
652 1445 734 1508 Lugd.
752 1446 861 1496 Medici.
874 1451 896 1494 l.
915 1447 988 1497 Cald.
1006 1447 1092 1496 minori
1106 1446 1208 1508 vestigia
1219 1447 1323 1495 molestia
1334 1446 1394 1509 Cuj·

299 1510 368 1560 unde
377 1509 491 1560 faciebat
506 1511 577 1573 Lipa.
589 1512 678 1562 minore
688 1511 792 1570 fastidio
805 1527 833 1560 cc
844 1511 931 1560 molest.
965 1513 1034 1561 Dein
1046 1511 1163 1560 senatorio
1177 1525 1269 1560 nuum
1281 1510 1358 1558 vind.
1369 1515 1393 1560 1.

299 1575 360 1638 Lyn.
375 1582 403 1622 et
419 1575 508 1624 statim
517 1575 664 1636 sager-eatur
680 1577 835 1624 blemm—ti
853 1575 917 1623 Pure
933 1590 961 1623 uc
976 1590 1008 1624 m.
1022 1576 1101 1624 Fouc.
1134 1575 1197 1623 Mor
1208 1575 1234 1623 iu
1245 1580 1306 1623 ante
1317 1589 1394 1624 meare

300 1638 428 1687 omittitur
439 1639 465 1688 in
475 1638 524 1687 Ed.
536 1643 621 1700 pr.-'l
640 1639 682 1688 ut.
693 1639 828 1688 dedamur.
862 1638 929 1686 Turn
940 1640 1000 1687 Kal.
1014 1638 1104 1688 aalma
1114 1639 1192 1688 Vind.
1209 1643 1232 1687 l.
1249 1638 1322 1688 Cort.
1336 1653 1394 1687 curn

299 1701 367 1752 Edd.
379 1701 454 1752 Rom.
467 1703 532 1752 Ven.
544 1707 567 1753 l.
579 1703 640 1752 Bas.
655 1701 756 1767 Grypb.
774 1702 862 1752 Plant-
878 1701 930 1752 scil.
943 1704 1002 1754 Kal.
1020 1703 1104 1753 Paria.
1119 1702 1236 1752 Heriem.
1247 1701 1315 1751 Edd.
1327 1702 1393 1752 Ven.

703 1927 707 1936 Ι
790 1862 900 1914 unuin

330 1973 519 2038 '‘Epulaadiqar
528 1974 630 2040 publice]
645 1965 826 2042 Quandonlori
866 1967 971 2038 cvrare,
993 1989 1050 2026 cnm
1070 1989 1176 2025 uxorem
1195 1973 1310 2034 doceret,
1330 1987 1392 2037 qua·

298 2051 404 2113 epulum
419 2049 544 2113 libabant,
560 2051 696 2100 Senatores
712 2051 737 2099 in
747 2051 824 2112 Capi·
864 2065 923 2100 nam
932 2051 1032 2124 ratione
1045 2051 1117 2100 Liria
1128 2050 1197 2100 foret
1209 2047 1391 2106 convenienda.

297 2127 362 2176 telio
380 2126 456 2176 simul
473 2139 561 2175 omnea
572 2126 755 2188 epulabantur.
787 2126 825 2175 Ut
864 2128 932 2178 ‘Sed
945 2130 1015 2192 priua
1028 2129 1149 2193 imposito
1160 2127 1256 2177 sanctia
1268 2126 1392 2176 altaribus

298 2214 331 2252 ex
349 2201 429 2252 Gellil
448 2199 493 2250 lib.
509 2215 563 2251 ιιι.
581 2216 605 2251 c.
622 2205 646 2250 8.
665 2200 823 2250 inludamur
863 2199 916 2266 igu'i
932 2205 1019 2253 Thura
1040 2202 1080 2254 fer
1100 2204 1131 2254 ad
1155 2215 1261 2267 magnos
1280 2200 1392 2266 vinaque

296 2289 397 2341 qnoque
415 2275 624 2338 solennitatibus,
642 2283 670 2325 nt
690 2283 719 2325 et
735 2275 823 2325 trium·
864 2293 929 2343 pura
941 2279 1031 2330 Deos!

297 2352 403 2416 pborum
423 2351 523 2415 pompis
539 2351 656 2400 convivia
669 2349 823 2414 publicane·
895 2351 999 2414 *Cujus
1020 2353 1118 2418 templo]
1142 2354 1211 2406 Quid
1234 2353 1255 2402 ai
1275 2353 1393 2403 incuria

295 2429 477 2492 lebrabanlur,
495 2429 519 2477 in
537 2429 592 2481 dul.
613 2443 671 2492 cap.
691 2429 732 2478 88.
751 2429 823 2478 colli·
865 2427 974 2492 quadarn
986 2430 1118 2479 sciretur?
1151 2430 1186 2478 Et
1200 2429 1227 2478 in
1242 2429 1321 2478 cnriia
1333 2444 1391 2479 arae

297 2518 358 2568 gere
374 2509 424 2564 eat,
441 2509 468 2551 et
485 2503 512 2552 in
530 2503 588 2553 urb.
607 2518 666 2567 cap.
676 2508 717 2555 88.
728 2511 756 2554 et
767 2504 822 2554 Vit.
863 2500 942 2553 furiare
954 2504 1121 2554 Caaaubonua
1137 2505 1285 2554 existimat:
1303 2517 1392 2568 qnem-

296 2593 320 2628 c.
334 2582 375 2628 18.
863 2577 1000 2627 admodum
1012 2580 1038 2628 in
1048 2579 1119 2630 dulia
1129 2581 1210 2641 curia,
1221 2579 1265 2629 nbi
1274 2594 1322 2629 ara
1331 2580 1392 2631 Vic-

327 2653 340 2688 ⁸
358 2653 502 2717 Religioeiae
517 2657 541 2701 et
558 2655 772 2718 admemolestia]
785 2656 823 2705 Ut
864 2653 945 2717 toriae,
957 2653 989 2702 de
1001 2654 1111 2717 qnaDio
1123 2655 1166 2704 lib.
1178 2668 1215 2706 nr.
1226 2655 1319 2706 Curias
1330 2672 1393 2721 quo·

296 2729 439 2792 religiosius
466 2727 644 2788 convenirent,
675 2729 822 2790 anpplicare
863 2743 913 2792 que
931 2731 1052 2792 plurimas
1069 2729 1167 2793 templa
1181 2745 1237 2779 ease
1250 2732 1391 2781 constitue·
1445 2765 1449 2778 ,

291 2803 380 2868 Jubet,
406 2811 437 2852 at
463 2802 629 2863 commodius,
654 2803 754 2852 nonnisi
782 2803 821 2852 bia
862 2803 1389 2867 runtaugurea‚c.29.chelliilibxrv.

294 2890 447 2940 unoquoque
466 2890 553 2925 manre
572 2877 717 2926 convenire.
755 2878 821 2930 Quare
862 2882 920 2926 al.
932 2887 1047 2929 notatum
1058 2888 1107 2928 eat.

295 2965 366 3002 more
381 2966 427 3001 ano
445 2951 602 3014 coniunctim
622 2953 741 3014 proponit
758 2953 823 3002 Sue·
895 2950 1050 3015 meg-utum
1067 2953 1182 3016 Senator]
1199 2953 1262 3003 Dies
1280 2955 1390 3006 Senatus

295 3027 389 3082 tonius,
407 3025 484 3090 paulo
504 3035 562 3087 poet
581 3027 719 3088 separatim
741 3028 820 3092 expli·
858 3027 971 3077 habendi
991 3029 1102 3092 duplicia
1123 3028 1195 3078 fuere
1215 3033 1325 3095 generis,
1345 3035 1388 3082 alii

294 3101 385 3158 cauda,
397 3100 485 3163 utiam
496 3114 572 3163 snpra
583 3107 709 3149 notatum·
860 3103 926 3151 certi
944 3110 972 3153 et
987 3103 1090 3166 legibue
1108 3089 1209 3164 ⁴statuti,
1227 3105 1269 3154 alii
1287 3105 1389 3169 indicti,

326 3176 333 3209 ¹
350 3177 427 3226 ruore
437 3191 466 3225 rc
476 3177 551 3240 atero]
577 3177 629 3225 Hic
640 3190 694 3224 moa
705 3177 818 3240 gentium
859 3185 938 3240 prout
957 3179 1097 3229 incidentia
1116 3179 1256 3242 exigebant
1274 3183 1388 3245 negotia.

294 3258 440 3301 exterarum
452 3252 543 3315 legatia
554 3252 676 3301 Senatum
692 3253 820 3315 ingressu·
858 3253 969 3303 Seuauu
980 3255 1056 3304 atatis
1072 3260 1100 3303 et
1120 3253 1176 3303 lixis
1192 3255 1282 3306 diebna
1293 3263 1388 3308 convo·

241 3389 246 3401 ‚
293 3329 328 3377 ria
339 3337 401 3378 ante
411 3330 466 3392 jam
477 3326 571 3392 fuerat,
588 3336 616 3378 ut
628 3343 659 3377 ex
672 3329 763 3392 Polyb.
774 3330 819 3379 lib.
859 3335 933 3378 calna
952 3328 1086 3378 dicebatur
1105 3329 1246 3391 legitimus.
1280 3331 1316 3380 lli
1333 3333 1388 3382 diea

294 3415 341 3454 xv.
355 3402 388 3452 de
399 3403 650 3466 Carthaginensibus,
670 3411 696 3452 et
708 3405 742 3454 de
753 3405 818 3454 Pru·
859 3403 962 3466 singulis
975 3403 1104 3453 menaibua
1118 3404 1145 3451 in
1159 3405 1241 3452 veteri
1259 3407 1389 3456 Kalenda-

291 3476 330 3525 aia
341 3491 401 3539 rege
413 3476 554 3540 Bithynia,
568 3478 612 3539 qni
622 3479 729 3526 Romam
742 3493 818 3528 vane·
859 3477 896 3525 rio
906 3477 1030 3527 annotati.

292 3557 342 3613 rat,
364 3548 531 3599 casaubonus
552 3550 593 3599 bie
615 3553 724 3602 nutarit.
766 3555 817 3603 Sed
897 3561 914 3585 ¹⁰
941 3552 1036 3616 idibus]
1065 3553 1246 3616 Praeterquam
1274 3510 1391 3620 Martiis,
1429 3577 1434 3588 ·

290 3623 483 3689 magistratibus
501 3631 560 3674 eata
575 3625 661 3688 potius
673 3630 817 3689 consulere,
858 3626 1109 3691 qnibnaintert'ectua
1119 3629 1276 3681 eratluliua.
1293 3631 1388 3685 Iudai.

291 3701 368 3752 moris
379 3698 458 3750 fuine
469 3701 609 3763 existimat,
619 3710 646 3751 et
658 3711 731 3753 certe
744 3711 817 3766 patet
858 3718 882 3752 c.
893 3708 935 3752 88.

290 3777 332 3827 vel
350 3777 405 3826 eolo
424 3777 532 3826 Caeaaria
549 3779 681 3840 exemplo,
697 3793 776 3840 anpra
795 3793 819 3828 c.
888 3786 901 3812 ⁰
917 3779 1048 3843 Septembri
1073 3779 1210 3843 Octobriue]
1237 3781 1386 3834 Vindemia·

289 3855 330 3901 81.
341 3851 488 3916 etAppiani
497 3851 616 3901 Ciuilium
629 3853 759 3902 Bellorum
770 3852 815 3903 lib.
856 3867 922 3918 rum,
944 3863 973 3904 ut
992 3857 1103 3918 videtur,
1124 3871 1202 3905 cauea
1222 3858 1387 3923 institutum

289 3940 323 3977 ιι.
333 3943 364 3978 ae
375 3928 485 3978 maxima
496 3940 531 3991 ea
537 3926 617 3977 Gellii
629 3927 673 3978 lib.
687 3941 745 3978 arv.
756 3934 818 3979 ea.
854 3929 878 3978 iri
890 3932 988 3994 qnippe
999 3947 1098 3982 menaea
1111 3932 1141 3982 iu
1159 3933 1238 3983 ltalia
1249 3935 1384 3986 vindemiis

289 4001 422 4066 Augustus
440 4003 579 4054 Senatorea
598 4019 685 4053 ornnes
700 4005 775 4053 thure
787 4019 817 4054 ac
855 4006 977 4056 destinati
989 4017 1058 4059 aunt.

289 4089 359 4126 mero
371 4077 518 4140 supplicare
530 4079 618 4140 voluit,
636 4094 694 4142 quae
712 4088 739 4129 et
760 4083 815 4144 ejus
888 4081 1089 4146 ⁰Sortaducloa]
1116 4083 1215 4136 Quian·
1223 4099 1320 4150 nempe
1329 4099 1382 4135 acra

290 4152 815 4220 atatiaeemnetudofnu,eumserioqurd
855 4155 1002 4220 obtigisset.

290 4225 508 4290 aggrederentur:
537 4229 662 4291 probatur
686 4228 754 4280 idem
782 4243 814 4278 ex

1600 4097 1604 4128 t
