<?xml version="1.0" encoding="UTF-8"?>
<!DOCTYPE html PUBLIC "-//W3C//DTD XHTML 1.0 Transitional//EN"
    "http://www.w3.org/TR/xhtml1/DTD/xhtml1-transitional.dtd">
<html xmlns="http://www.w3.org/1999/xhtml" xml:lang="en" lang="en">
 <head>
  <title>
</title>
<meta http-equiv="Content-Type" content="text/html;charset=utf-8" />
  <meta name='ocr-system' content='tesseract 3.04.00' />
  <meta name='ocr-capabilities' content='ocr_page ocr_carea ocr_par ocr_line ocrx_word'/>
</head>
<body>
  <div class='ocr_page' id='page_1' title='image "./operaomniaexedi02suetgoog_0184.png"; bbox 0 0 3160 4918; ppageno 0'>
   <div class='ocr_carea' id='block_1_1' title="bbox 658 381 1280 448">
    <p class='ocr_par' dir='ltr' id='par_1_1' title="bbox 658 381 1280 448">
     <span class='ocr_line' id='line_1_1' title="bbox 658 381 1280 448; baseline -0.003 0"><span class='ocrx_word' id='word_1_1' title='bbox 658 399 806 448; x_wconf 80' lang='lat' dir='ltr'><strong>tonius.</strong></span> <span class='ocrx_word' id='word_1_2' title='bbox 1216 381 1280 447; x_wconf 75' lang='lat' dir='ltr'><strong>trs</strong></span> 
     </span>
    </p>
   </div>
   <div class='ocr_carea' id='block_1_2' title="bbox 180 529 1281 1135">
    <p class='ocr_par' dir='ltr' id='par_1_2' title="bbox 180 529 1281 1135">
     <span class='ocr_line' id='line_1_2' title="bbox 180 529 1280 626; baseline -0.002 -16"><span class='ocrx_word' id='word_1_3' title='bbox 180 529 373 610; x_wconf 80' lang='lat' dir='ltr'><strong>bonoribus</strong></span> <span class='ocrx_word' id='word_1_4' title='bbox 385 543 491 608; x_wconf 84' lang='lat' dir='ltr'><strong>functi</strong></span> <span class='ocrx_word' id='word_1_5' title='bbox 506 541 718 608; x_wconf 82' lang='lat' dir='ltr'><strong>detulerunt.⁷</strong></span> <span class='ocrx_word' id='word_1_6' title='bbox 761 539 870 618; x_wconf 81' lang='lat' dir='ltr'><strong>Quem</strong></span> <span class='ocrx_word' id='word_1_7' title='bbox 895 558 969 606; x_wconf 87' lang='lat' dir='ltr'><strong>curu</strong></span> <span class='ocrx_word' id='word_1_8' title='bbox 986 561 1065 625; x_wconf 82' lang='lat' dir='ltr'><strong>pers</strong></span> <span class='ocrx_word' id='word_1_9' title='bbox 1091 542 1124 606; x_wconf 91' lang='lat' dir='ltr'><strong>in</strong></span> <span class='ocrx_word' id='word_1_10' title='bbox 1140 539 1280 626; x_wconf 78' lang='lat' dir='ltr'><strong>Cupito-</strong></span> 
     </span>
     <span class='ocr_line' id='line_1_3' title="bbox 182 641 1280 727; baseline -0.002 -15"><span class='ocrx_word' id='word_1_11' title='bbox 182 649 242 712; x_wconf 83' lang='lat' dir='ltr'>lini</span> <span class='ocrx_word' id='word_1_12' title='bbox 264 647 365 712; x_wconf 86' lang='lat' dir='ltr'><strong>Joris</strong></span> <span class='ocrx_word' id='word_1_13' title='bbox 379 646 488 711; x_wconf 70' lang='lat' dir='ltr'><strong>cello¹²</strong></span> <span class='ocrx_word' id='word_1_14' title='bbox 509 664 664 722; x_wconf 79' lang='lat' dir='ltr'><strong>cremare,</strong></span> <span class='ocrx_word' id='word_1_15' title='bbox 679 663 757 727; x_wconf 88' lang='lat' dir='ltr'><strong>psrs</strong></span> <span class='ocrx_word' id='word_1_16' title='bbox 780 645 812 708; x_wconf 93' lang='lat' dir='ltr'><strong>in</strong></span> <span class='ocrx_word' id='word_1_17' title='bbox 826 641 928 708; x_wconf 80' lang='lat' dir='ltr'><strong>Curia</strong></span> <span class='ocrx_word' id='word_1_18' title='bbox 949 643 1117 727; x_wconf 89' lang='lat' dir='ltr'><strong>Pompeii,</strong></span> <span class='ocrx_word' id='word_1_19' title='bbox 1133 643 1280 710; x_wconf 83' lang='lat' dir='ltr'><strong>destina-</strong></span> 
     </span>
     <span class='ocr_line' id='line_1_4' title="bbox 181 744 1279 832; baseline -0.002 -20"><span class='ocrx_word' id='word_1_20' title='bbox 181 757 243 826; x_wconf 89' lang='lat' dir='ltr'><strong>ret,</strong></span> <span class='ocrx_word' id='word_1_21' title='bbox 266 755 408 832; x_wconf 85' lang='lat' dir='ltr'><strong>repento</strong></span> <span class='ocrx_word' id='word_1_22' title='bbox 425 748 493 811; x_wconf 94' lang='lat' dir='ltr'><strong>duo</strong></span> <span class='ocrx_word' id='word_1_23' title='bbox 510 746 658 830; x_wconf 83' lang='lat' dir='ltr'><strong>quidam,</strong></span> <span class='ocrx_word' id='word_1_24' title='bbox 679 744 800 828; x_wconf 80' lang='lat' dir='ltr'><strong>gladiis</strong></span> <span class='ocrx_word' id='word_1_25' title='bbox 822 745 994 825; x_wconf 82' lang='lat' dir='ltr'><strong>succincti,</strong></span> <span class='ocrx_word' id='word_1_26' title='bbox 1018 765 1060 811; x_wconf 84' lang='lat' dir='ltr'><strong>sc</strong></span> <span class='ocrx_word' id='word_1_27' title='bbox 1076 746 1154 810; x_wconf 85' lang='lat' dir='ltr'><strong>bins</strong></span> <span class='ocrx_word' id='word_1_28' title='bbox 1161 745 1279 828; x_wconf 77' lang='lat' dir='ltr'><strong>jacula</strong></span> 
     </span>
     <span class='ocr_line' id='line_1_5' title="bbox 182 847 1277 932; baseline 0 -20"><span class='ocrx_word' id='word_1_29' title='bbox 182 856 366 932; x_wconf 78' lang='lat' dir='ltr'><strong>gestantes,</strong></span> <span class='ocrx_word' id='word_1_30' title='bbox 396 848 587 914; x_wconf 73' lang='lat' dir='ltr'>ardentibus</span> <span class='ocrx_word' id='word_1_31' title='bbox 610 849 717 912; x_wconf 86' lang='lat' dir='ltr'><strong>cereis</strong></span> <span class='ocrx_word' id='word_1_32' title='bbox 740 848 1004 913; x_wconf 85' lang='lat' dir='ltr'><strong>succenderunt:</strong></span> <span class='ocrx_word' id='word_1_33' title='bbox 1037 847 1277 930; x_wconf 82' lang='lat' dir='ltr'><strong>confestimque</strong></span> 
     </span>
     <span class='ocr_line' id='line_1_6' title="bbox 184 949 1281 1032; baseline -0.001 -19"><span class='ocrx_word' id='word_1_34' title='bbox 184 951 469 1016; x_wconf 80' lang='lat' dir='ltr'><strong>circumstantium</strong></span> <span class='ocrx_word' id='word_1_35' title='bbox 483 951 582 1014; x_wconf 85' lang='lat' dir='ltr'><strong>turbu</strong></span> <span class='ocrx_word' id='word_1_36' title='bbox 597 949 740 1032; x_wconf 79' lang='lat' dir='ltr'><strong>virgulto</strong></span> <span class='ocrx_word' id='word_1_37' title='bbox 763 949 867 1028; x_wconf 78' lang='lat' dir='ltr'><strong>arido,</strong></span> <span class='ocrx_word' id='word_1_38' title='bbox 890 957 923 1014; x_wconf 89' lang='lat' dir='ltr'><strong>ct</strong></span> <span class='ocrx_word' id='word_1_39' title='bbox 938 970 1013 1013; x_wconf 85' lang='lat' dir='ltr'><strong>cunt</strong></span> <span class='ocrx_word' id='word_1_40' title='bbox 1039 951 1207 1014; x_wconf 83' lang='lat' dir='ltr'><strong>subselliis</strong></span> <span class='ocrx_word' id='word_1_41' title='bbox 1222 952 1281 1015; x_wconf 64' lang='lat' dir='ltr'><strong>tri«</strong></span> 
     </span>
     <span class='ocr_line' id='line_1_7' title="bbox 184 1050 1280 1135; baseline 0 -19"><span class='ocrx_word' id='word_1_42' title='bbox 184 1051 516 1135; x_wconf 83' lang='lat' dir='ltr'><strong>bunulia,⁰quicquid</strong></span> <span class='ocrx_word' id='word_1_43' title='bbox 528 1058 687 1134; x_wconf 80' lang='lat' dir='ltr'><strong>praetercs</strong></span> <span class='ocrx_word' id='word_1_44' title='bbox 702 1050 745 1115; x_wconf 82' lang='lat' dir='ltr'><strong>ad</strong></span> <span class='ocrx_word' id='word_1_45' title='bbox 759 1051 937 1114; x_wconf 79' lang='lat' dir='ltr'><strong>manuru⁸p</strong></span> <span class='ocrx_word' id='word_1_46' title='bbox 954 1051 1081 1129; x_wconf 79' lang='lat' dir='ltr'><strong>odoret,</strong></span> <span class='ocrx_word' id='word_1_47' title='bbox 1093 1053 1280 1134; x_wconf 82' lang='lat' dir='ltr'><strong>congessit:</strong></span> 
     </span>
    </p>
   </div>
   <div class='ocr_carea' id='block_1_3' title="bbox 180 1347 1281 1605">
    <p class='ocr_par' dir='ltr' id='par_1_3' title="bbox 180 1347 1281 1605">
     <span class='ocr_line' id='line_1_8' title="bbox 185 1347 1281 1414; baseline -0.002 -16"><span class='ocrx_word' id='word_1_48' title='bbox 185 1349 259 1398; x_wconf 89' lang='lat' dir='ltr'><strong>Cort.</strong></span> <span class='ocrx_word' id='word_1_49' title='bbox 271 1347 340 1396; x_wconf 81' lang='lat' dir='ltr'><strong>ssisss</strong></span> <span class='ocrx_word' id='word_1_50' title='bbox 347 1361 391 1410; x_wconf 86' lang='lat' dir='ltr'><strong>pro</strong></span> <span class='ocrx_word' id='word_1_51' title='bbox 400 1349 444 1396; x_wconf 86' lang='lat' dir='ltr'><strong>ssi.</strong></span> <span class='ocrx_word' id='word_1_52' title='bbox 479 1348 542 1397; x_wconf 85' lang='lat' dir='ltr'><strong>Mox</strong></span> <span class='ocrx_word' id='word_1_53' title='bbox 557 1350 703 1399; x_wconf 83' lang='lat' dir='ltr'><strong>ubssEdd.</strong></span> <span class='ocrx_word' id='word_1_54' title='bbox 716 1351 789 1400; x_wconf 83' lang='lat' dir='ltr'><strong>Rour.</strong></span> <span class='ocrx_word' id='word_1_55' title='bbox 822 1349 886 1398; x_wconf 88' lang='lat' dir='ltr'><strong>&#39;I&#39;nrn</strong></span> <span class='ocrx_word' id='word_1_56' title='bbox 904 1347 1083 1412; x_wconf 79' lang='lat' dir='ltr'><strong>magistratibus</strong></span> <span class='ocrx_word' id='word_1_57' title='bbox 1093 1347 1214 1397; x_wconf 68' lang='lat' dir='ltr'><strong>Corn-l</strong></span> <span class='ocrx_word' id='word_1_58' title='bbox 1232 1349 1281 1414; x_wconf 65' lang='grc' dir='ltr'><strong>01·ι</strong></span> 
     </span>
     <span class='ocr_line' id='line_1_9' title="bbox 182 1411 1281 1476; baseline 0.002 -16"><span class='ocrx_word' id='word_1_59' title='bbox 182 1413 256 1461; x_wconf 87' lang='lat' dir='ltr'><strong>ssrrb.</strong></span> <span class='ocrx_word' id='word_1_60' title='bbox 270 1413 533 1461; x_wconf 85' lang='lat' dir='ltr'><strong>mslebstdetrsleruni.</strong></span> <span class='ocrx_word' id='word_1_61' title='bbox 566 1415 622 1462; x_wconf 84' lang='lat' dir='ltr'><strong>Det</strong></span> <span class='ocrx_word' id='word_1_62' title='bbox 637 1415 709 1463; x_wconf 83' lang='lat' dir='ltr'><strong>cort.</strong></span> <span class='ocrx_word' id='word_1_63' title='bbox 722 1429 774 1476; x_wconf 75' lang='lat' dir='ltr'><strong>psa</strong></span> <span class='ocrx_word' id='word_1_64' title='bbox 789 1429 850 1462; x_wconf 67' lang='lat' dir='ltr'><strong>um,</strong></span> <span class='ocrx_word' id='word_1_65' title='bbox 884 1411 956 1461; x_wconf 77' lang='lat' dir='ltr'><strong>luins</strong></span> <span class='ocrx_word' id='word_1_66' title='bbox 971 1413 1188 1461; x_wconf 77' lang='lat' dir='ltr'><strong>circumstantium</strong></span> <span class='ocrx_word' id='word_1_67' title='bbox 1204 1411 1281 1462; x_wconf 92' lang='lat' dir='ltr'><strong>codd.</strong></span> 
     </span>
     <span class='ocr_line' id='line_1_10' title="bbox 181 1475 1279 1540; baseline -0.001 -15"><span class='ocrx_word' id='word_1_68' title='bbox 181 1475 510 1526; x_wconf 50' lang='lat' dir='ltr'><strong>Controuersiarum</strong></span> <span class='ocrx_word' id='word_1_69' title='bbox 520 1478 606 1526; x_wconf 84' lang='lat' dir='ltr'><strong>Petis.</strong></span> <span class='ocrx_word' id='word_1_70' title='bbox 619 1493 633 1526; x_wconf 84' lang='lat' dir='ltr'><strong>s</strong></span> <span class='ocrx_word' id='word_1_71' title='bbox 645 1493 684 1540; x_wconf 90' lang='lat' dir='ltr'><strong>pr.</strong></span> <span class='ocrx_word' id='word_1_72' title='bbox 696 1481 779 1526; x_wconf 61' lang='grc' dir='ltr'><strong>ιιι-8</strong></span> <span class='ocrx_word' id='word_1_73' title='bbox 796 1478 839 1526; x_wconf 91' lang='lat' dir='ltr'><strong>lts</strong></span> <span class='ocrx_word' id='word_1_74' title='bbox 855 1476 959 1539; x_wconf 89' lang='lat' dir='ltr'><strong>legend.</strong></span> <span class='ocrx_word' id='word_1_75' title='bbox 978 1479 1093 1526; x_wconf 86' lang='lat' dir='ltr'><strong>sentiunt</strong></span> <span class='ocrx_word' id='word_1_76' title='bbox 1111 1478 1200 1526; x_wconf 84' lang='lat' dir='ltr'><strong>Burm.</strong></span> <span class='ocrx_word' id='word_1_77' title='bbox 1216 1477 1279 1525; x_wconf 80' lang='lat' dir='ltr'><strong>Eun.</strong></span> 
     </span>
     <span class='ocr_line' id='line_1_11' title="bbox 180 1540 1280 1605; baseline 0.001 -16"><span class='ocrx_word' id='word_1_78' title='bbox 180 1542 291 1598; x_wconf 71' lang='lat' dir='ltr'><strong>Bsumg.</strong></span> <span class='ocrx_word' id='word_1_79' title='bbox 305 1540 431 1601; x_wconf 77' lang='lat' dir='ltr'><strong>probante</strong></span> <span class='ocrx_word' id='word_1_80' title='bbox 441 1541 509 1589; x_wconf 89' lang='lat' dir='ltr'><strong>0ud.</strong></span> <span class='ocrx_word' id='word_1_81' title='bbox 521 1543 566 1589; x_wconf 85' lang='lat' dir='ltr'><strong>sed</strong></span> <span class='ocrx_word' id='word_1_82' title='bbox 580 1551 665 1592; x_wconf 83' lang='lat' dir='ltr'><strong>tumen</strong></span> <span class='ocrx_word' id='word_1_83' title='bbox 677 1542 828 1605; x_wconf 82' lang='lat' dir='ltr'><strong>conjiciente</strong></span> <span class='ocrx_word' id='word_1_84' title='bbox 837 1541 940 1590; x_wconf 73' lang='lat' dir='ltr'><strong>odoinus.</strong></span> <span class='ocrx_word' id='word_1_85' title='bbox 973 1541 1016 1591; x_wconf 87' lang='lat' dir='ltr'><strong>Sic</strong></span> <span class='ocrx_word' id='word_1_86' title='bbox 1028 1543 1106 1591; x_wconf 78' lang='lat' dir='ltr'><strong>etiarn</strong></span> <span class='ocrx_word' id='word_1_87' title='bbox 1116 1542 1245 1604; x_wconf 86' lang='lat' dir='ltr'><strong>reperitur</strong></span> <span class='ocrx_word' id='word_1_88' title='bbox 1254 1541 1280 1590; x_wconf 90' lang='lat' dir='ltr'><strong>in</strong></span> 
     </span>
    </p>
   </div>
   <div class='ocr_carea' id='block_1_4' title="bbox 182 1603 1281 1807">
    <p class='ocr_par' dir='ltr' id='par_1_4' title="bbox 182 1603 1281 1807">
     <span class='ocr_line' id='line_1_12' title="bbox 182 1603 1278 1668; baseline 0.001 -16"><span class='ocrx_word' id='word_1_89' title='bbox 182 1605 257 1653; x_wconf 81' lang='lat' dir='ltr'><strong>Cori.</strong></span> <span class='ocrx_word' id='word_1_90' title='bbox 268 1603 335 1652; x_wconf 79' lang='lat' dir='ltr'><strong>Edd.</strong></span> <span class='ocrx_word' id='word_1_91' title='bbox 347 1605 413 1652; x_wconf 87' lang='lat' dir='ltr'><strong>Bou.</strong></span> <span class='ocrx_word' id='word_1_92' title='bbox 424 1604 507 1666; x_wconf 80' lang='lat' dir='ltr'><strong>Lugd.</strong></span> <span class='ocrx_word' id='word_1_93' title='bbox 517 1605 575 1654; x_wconf 80' lang='lat' dir='ltr'><strong>uid.</strong></span> <span class='ocrx_word' id='word_1_94' title='bbox 588 1605 688 1668; x_wconf 77' lang='lat' dir='ltr'><strong>crypt.</strong></span> <span class='ocrx_word' id='word_1_95' title='bbox 703 1607 762 1656; x_wconf 86' lang='lat' dir='ltr'><strong>Bss.</strong></span> <span class='ocrx_word' id='word_1_96' title='bbox 772 1606 861 1668; x_wconf 88' lang='lat' dir='ltr'><strong>Stepls.</strong></span> <span class='ocrx_word' id='word_1_97' title='bbox 873 1607 945 1654; x_wconf 83' lang='lat' dir='ltr'><strong>Torr.</strong></span> <span class='ocrx_word' id='word_1_98' title='bbox 959 1605 1018 1668; x_wconf 79' lang='lat' dir='ltr'><strong>Rip.</strong></span> <span class='ocrx_word' id='word_1_99' title='bbox 1031 1605 1087 1654; x_wconf 79' lang='lat' dir='ltr'><strong>ullis</strong></span> <span class='ocrx_word' id='word_1_100' title='bbox 1106 1620 1145 1654; x_wconf 88' lang='lat' dir='ltr'><strong>ue.</strong></span> <span class='ocrx_word' id='word_1_101' title='bbox 1178 1605 1230 1654; x_wconf 87' lang='lat' dir='ltr'><strong>Sed</strong></span> <span class='ocrx_word' id='word_1_102' title='bbox 1245 1605 1278 1655; x_wconf 93' lang='lat'><strong>0.</strong></span> 
     </span>
     <span class='ocr_line' id='line_1_13' title="bbox 183 1621 1280 1732; baseline 0.002 -16"><span class='ocrx_word' id='word_1_103' title='bbox 183 1669 277 1732; x_wconf 76' lang='lat' dir='ltr'><strong>reliqui</strong></span> <span class='ocrx_word' id='word_1_104' title='bbox 288 1667 364 1716; x_wconf 87' lang='lat' dir='ltr'><strong>rodd.</strong></span> <span class='ocrx_word' id='word_1_105' title='bbox 375 1681 433 1716; x_wconf 90' lang='lat' dir='ltr'><strong>curn</strong></span> <span class='ocrx_word' id='word_1_106' title='bbox 446 1669 513 1717; x_wconf 82' lang='lat' dir='ltr'><strong>Edd.</strong></span> <span class='ocrx_word' id='word_1_107' title='bbox 525 1669 600 1718; x_wconf 80' lang='lat' dir='ltr'><strong>licut.</strong></span> <span class='ocrx_word' id='word_1_108' title='bbox 612 1671 678 1718; x_wconf 88' lang='lat' dir='ltr'><strong>Veu.</strong></span> <span class='ocrx_word' id='word_1_109' title='bbox 693 1677 725 1718; x_wconf 87' lang='lat' dir='ltr'><strong>tr.</strong></span> <span class='ocrx_word' id='word_1_110' title='bbox 736 1670 809 1720; x_wconf 80' lang='lat' dir='ltr'><strong>lunt.</strong></span> <span class='ocrx_word' id='word_1_111' title='bbox 819 1668 882 1732; x_wconf 80' lang='lat' dir='ltr'><strong>Arg.</strong></span> <span class='ocrx_word' id='word_1_112' title='bbox 895 1669 1079 1718; x_wconf 85' lang='lat' dir='ltr'><strong>secedentibus</strong></span> <span class='ocrx_word' id='word_1_113' title='bbox 1087 1621 1196 1718; x_wconf 74' lang='lat' dir='ltr'><strong>dassen.</strong></span> <span class='ocrx_word' id='word_1_114' title='bbox 1206 1669 1280 1718; x_wconf 83' lang='lat' dir='ltr'><strong>Torr.</strong></span> 
     </span>
     <span class='ocr_line' id='line_1_14' title="bbox 185 1731 1281 1807; baseline -0.001 -25"><span class='ocrx_word' id='word_1_115' title='bbox 185 1731 262 1782; x_wconf 85' lang='lat' dir='ltr'><strong>Wolf.</strong></span> <span class='ocrx_word' id='word_1_116' title='bbox 273 1733 373 1807; x_wconf 76' lang='lat' dir='ltr'><strong>hebent</strong></span> <span class='ocrx_word' id='word_1_117' title='bbox 384 1735 518 1782; x_wconf 84' lang='lat' dir='ltr'><strong>uddonum.</strong></span> <span class='ocrx_word' id='word_1_118' title='bbox 553 1733 674 1783; x_wconf 79' lang='lat' dir='ltr'><strong>Heinsius</strong></span> <span class='ocrx_word' id='word_1_119' title='bbox 691 1741 719 1783; x_wconf 85' lang='lat' dir='ltr'><strong>et</strong></span> <span class='ocrx_word' id='word_1_120' title='bbox 735 1734 852 1784; x_wconf 69' lang='lat' dir='ltr'><strong>Grotius</strong></span> <span class='ocrx_word' id='word_1_121' title='bbox 870 1733 992 1798; x_wconf 76' lang='lat' dir='ltr'><strong>legebant</strong></span> <span class='ocrx_word' id='word_1_122' title='bbox 1009 1734 1123 1784; x_wconf 81' lang='lat' dir='ltr'><strong>idonessn.</strong></span> <span class='ocrx_word' id='word_1_123' title='bbox 1157 1734 1281 1784; x_wconf 80' lang='lat' dir='ltr'><strong>Ceterum</strong></span> 
     </span>
    </p>
   </div>
   <div class='ocr_carea' id='block_1_5' title="bbox 680 1895 789 1945">
    <p class='ocr_par' dir='ltr' id='par_1_5' title="bbox 680 1895 789 1945">
     <span class='ocr_line' id='line_1_15' title="bbox 680 1895 789 1945; baseline 0.009 -1"><span class='ocrx_word' id='word_1_124' title='bbox 680 1895 789 1945; x_wconf 79' lang='lat' dir='ltr'>NOTAE</span> 
     </span>
    </p>
   </div>
   <div class='ocr_carea' id='block_1_6' title="bbox 184 1989 1332 4324">
    <p class='ocr_par' dir='ltr' id='par_1_6' title="bbox 184 1989 1332 4324">
     <span class='ocr_line' id='line_1_16' title="bbox 185 1989 1281 2054; baseline -0.003 -13"><span class='ocrx_word' id='word_1_125' title='bbox 185 1993 261 2054; x_wconf 78' lang='lat' dir='ltr'><strong>irent,</strong></span> <span class='ocrx_word' id='word_1_126' title='bbox 281 1999 312 2042; x_wconf 89' lang='lat' dir='ltr'><strong>ut</strong></span> <span class='ocrx_word' id='word_1_127' title='bbox 332 2005 371 2042; x_wconf 81' lang='lat' dir='ltr'><strong>tr.</strong></span> <span class='ocrx_word' id='word_1_128' title='bbox 390 1993 490 2042; x_wconf 80' lang='lat' dir='ltr'><strong>AEueid.</strong></span> <span class='ocrx_word' id='word_1_129' title='bbox 511 1992 586 2041; x_wconf 82' lang='lat' dir='ltr'><strong>Anne</strong></span> <span class='ocrx_word' id='word_1_130' title='bbox 603 1991 714 2042; x_wconf 77' lang='lat' dir='ltr'><strong>Didonis</strong></span> <span class='ocrx_word' id='word_1_131' title='bbox 756 1999 825 2053; x_wconf 88' lang='lat' dir='ltr'><strong>runt,</strong></span> <span class='ocrx_word' id='word_1_132' title='bbox 842 2005 900 2041; x_wconf 91' lang='lat' dir='ltr'><strong>curu</strong></span> <span class='ocrx_word' id='word_1_133' title='bbox 920 1989 1098 2041; x_wconf 85' lang='lat' dir='ltr'><strong>Seustoribus.</strong></span> <span class='ocrx_word' id='word_1_134' title='bbox 1143 1989 1281 2038; x_wconf 84' lang='lat' dir='ltr'><strong>Tenuiorls</strong></span> 
     </span>
     <span class='ocr_line' id='line_1_17' title="bbox 184 2064 1282 2131; baseline -0.002 -15"><span class='ocrx_word' id='word_1_135' title='bbox 184 2083 275 2118; x_wconf 88' lang='lat' dir='ltr'><strong>soror:</strong></span> <span class='ocrx_word' id='word_1_136' title='bbox 299 2069 391 2117; x_wconf 86' lang='lat' dir='ltr'><strong>‘Dste</strong></span> <span class='ocrx_word' id='word_1_137' title='bbox 411 2069 518 2116; x_wconf 79' lang='lat' dir='ltr'><strong>vulnere</strong></span> <span class='ocrx_word' id='word_1_138' title='bbox 541 2068 650 2131; x_wconf 80' lang='lat' dir='ltr'><strong>lymphis</strong></span> <span class='ocrx_word' id='word_1_139' title='bbox 663 2068 716 2116; x_wconf 83' lang='lat' dir='ltr'><strong>Ab·</strong></span> <span class='ocrx_word' id='word_1_140' title='bbox 756 2079 818 2114; x_wconf 82' lang='lat' dir='ltr'><strong>vero</strong></span> <span class='ocrx_word' id='word_1_141' title='bbox 839 2064 950 2114; x_wconf 75' lang='lat' dir='ltr'><strong>fortunis</strong></span> <span class='ocrx_word' id='word_1_142' title='bbox 969 2066 1117 2122; x_wconf 83' lang='lat' dir='ltr'><strong>hominess</strong></span> <span class='ocrx_word' id='word_1_143' title='bbox 1131 2064 1225 2126; x_wconf 82' lang='lat' dir='ltr'><strong>vespis</strong></span> <span class='ocrx_word' id='word_1_144' title='bbox 1237 2077 1282 2114; x_wconf 87' lang='lat' dir='ltr'><strong>scu</strong></span> 
     </span>
     <span class='ocr_line' id='line_1_18' title="bbox 184 2137 1282 2204; baseline -0.008 -9"><span class='ocrx_word' id='word_1_145' title='bbox 184 2145 271 2200; x_wconf 69' lang='lat' dir='ltr'><strong>lusun&#39;</strong></span> <span class='ocrx_word' id='word_1_146' title='bbox 290 2149 339 2195; x_wconf 70' lang='lat' dir='ltr'><strong>dic.</strong></span> <span class='ocrx_word' id='word_1_147' title='bbox 373 2145 408 2194; x_wconf 81' lang='lat' dir='ltr'><strong>Et</strong></span> <span class='ocrx_word' id='word_1_148' title='bbox 425 2145 469 2195; x_wconf 92' lang='lat' dir='ltr'><strong>lib.</strong></span> <span class='ocrx_word' id='word_1_149' title='bbox 487 2159 526 2194; x_wconf 84' lang='lat' dir='ltr'><strong>vr.</strong></span> <span class='ocrx_word' id='word_1_150' title='bbox 543 2145 576 2194; x_wconf 91' lang='lat' dir='ltr'><strong>de</strong></span> <span class='ocrx_word' id='word_1_151' title='bbox 597 2145 714 2194; x_wconf 88' lang='lat' dir='ltr'><strong>Miseno:</strong></span> <span class='ocrx_word' id='word_1_152' title='bbox 756 2140 950 2201; x_wconf 84' lang='lat' dir='ltr'><strong>Vespillouibus</strong></span> <span class='ocrx_word' id='word_1_153' title='bbox 962 2146 1079 2204; x_wconf 85' lang='lat' dir='ltr'><strong>tempore</strong></span> <span class='ocrx_word' id='word_1_154' title='bbox 1087 2139 1235 2202; x_wconf 84' lang='lat' dir='ltr'><strong>vespertino</strong></span> <span class='ocrx_word' id='word_1_155' title='bbox 1242 2137 1282 2186; x_wconf 81' lang='lat' dir='ltr'><strong>ei·</strong></span> 
     </span>
     <span class='ocr_line' id='line_1_19' title="bbox 185 2213 917 2280; baseline -0.01 -9"><span class='ocrx_word' id='word_1_156' title='bbox 185 2224 270 2271; x_wconf 78' lang='lat' dir='ltr'><strong>‘Pers</strong></span> <span class='ocrx_word' id='word_1_157' title='bbox 289 2221 387 2270; x_wconf 78' lang='lat' dir='ltr'><strong>calidos</strong></span> <span class='ocrx_word' id='word_1_158' title='bbox 406 2221 508 2280; x_wconf 76' lang='lat' dir='ltr'><strong>latices,</strong></span> <span class='ocrx_word' id='word_1_159' title='bbox 527 2226 554 2269; x_wconf 84' lang='lat' dir='ltr'><strong>et</strong></span> <span class='ocrx_word' id='word_1_160' title='bbox 573 2220 654 2270; x_wconf 79' lang='lat' dir='ltr'><strong>niseus</strong></span> <span class='ocrx_word' id='word_1_161' title='bbox 669 2233 716 2269; x_wconf 90' lang='lat' dir='ltr'><strong>un·</strong></span> <span class='ocrx_word' id='word_1_162' title='bbox 756 2213 917 2266; x_wconf 80' lang='lat' dir='ltr'><strong>ierebsntor.</strong></span> 
     </span>
     <span class='ocr_line' id='line_1_20' title="bbox 188 2278 1283 2358; baseline -0.01 -11"><span class='ocrx_word' id='word_1_163' title='bbox 188 2299 278 2347; x_wconf 77' lang='lat' dir='ltr'><strong>dentis</strong></span> <span class='ocrx_word' id='word_1_164' title='bbox 296 2295 406 2346; x_wconf 77' lang='lat' dir='ltr'><strong>dammis</strong></span> <span class='ocrx_word' id='word_1_165' title='bbox 433 2278 590 2358; x_wconf 73' lang='lat' dir='ltr'><strong>Expedidnt,</strong></span> <span class='ocrx_word' id='word_1_166' title='bbox 610 2308 716 2358; x_wconf 88' lang='lat' dir='ltr'><strong>corpus·</strong></span> <span class='ocrx_word' id='word_1_167' title='bbox 788 2297 801 2324; x_wconf 83' lang='lat'><strong>¹²</strong></span> <span class='ocrx_word' id='word_1_168' title='bbox 819 2289 898 2352; x_wconf 77' lang='lat' dir='ltr'><strong>Collo]</strong></span> <span class='ocrx_word' id='word_1_169' title='bbox 925 2291 1008 2340; x_wconf 70' lang='lat' dir='ltr'><strong>locos</strong></span> <span class='ocrx_word' id='word_1_170' title='bbox 1038 2287 1128 2351; x_wconf 84' lang='lat' dir='ltr'><strong>templi</strong></span> <span class='ocrx_word' id='word_1_171' title='bbox 1156 2287 1283 2338; x_wconf 83' lang='lat' dir='ltr'><strong>sucrstior</strong></span> 
     </span>
     <span class='ocr_line' id='line_1_21' title="bbox 188 2362 1283 2437; baseline -0.009 -16"><span class='ocrx_word' id='word_1_172' title='bbox 188 2387 237 2437; x_wconf 86' lang='lat' dir='ltr'><strong>que</strong></span> <span class='ocrx_word' id='word_1_173' title='bbox 265 2374 357 2421; x_wconf 83' lang='lat' dir='ltr'><strong>lsrsut</strong></span> <span class='ocrx_word' id='word_1_174' title='bbox 383 2369 512 2434; x_wconf 75' lang='lat' dir='ltr'><strong>frigentis,</strong></span> <span class='ocrx_word' id='word_1_175' title='bbox 541 2377 568 2419; x_wconf 91' lang='lat' dir='ltr'><strong>et</strong></span> <span class='ocrx_word' id='word_1_176' title='bbox 595 2368 716 2432; x_wconf 68' lang='lat' dir='ltr'><strong>ungunt!</strong></span> <span class='ocrx_word' id='word_1_177' title='bbox 757 2374 825 2428; x_wconf 86' lang='lat' dir='ltr'><strong>crst,</strong></span> <span class='ocrx_word' id='word_1_178' title='bbox 842 2379 918 2430; x_wconf 82' lang='lat' dir='ltr'><strong>quern</strong></span> <span class='ocrx_word' id='word_1_179' title='bbox 938 2367 1035 2415; x_wconf 85' lang='lat' dir='ltr'><strong>intrsrc</strong></span> <span class='ocrx_word' id='word_1_180' title='bbox 1057 2362 1166 2427; x_wconf 84' lang='lat' dir='ltr'><strong>ptofsno</strong></span> <span class='ocrx_word' id='word_1_181' title='bbox 1186 2363 1283 2412; x_wconf 89' lang='lat' dir='ltr'><strong>nentlni</strong></span> 
     </span>
     <span class='ocr_line' id='line_1_22' title="bbox 188 2440 1286 2510; baseline -0.008 -14"><span class='ocrx_word' id='word_1_182' title='bbox 188 2449 290 2502; x_wconf 82' lang='lat' dir='ltr'><strong>Quibus</strong></span> <span class='ocrx_word' id='word_1_183' title='bbox 303 2447 424 2510; x_wconf 82' lang='lat' dir='ltr'><strong>pencris,</strong></span> <span class='ocrx_word' id='word_1_184' title='bbox 441 2445 467 2494; x_wconf 93' lang='lat' dir='ltr'><strong>in</strong></span> <span class='ocrx_word' id='word_1_185' title='bbox 482 2446 575 2494; x_wconf 71' lang='lat' dir='ltr'><strong>aediunr</strong></span> <span class='ocrx_word' id='word_1_186' title='bbox 588 2444 716 2494; x_wconf 82' lang='lat' dir='ltr'><strong>uestibulo</strong></span> <span class='ocrx_word' id='word_1_187' title='bbox 756 2441 806 2492; x_wconf 80' lang='lat' dir='ltr'><strong>iss.</strong></span> <span class='ocrx_word' id='word_1_188' title='bbox 841 2442 917 2492; x_wconf 82' lang='lat' dir='ltr'><strong>Unde</strong></span> <span class='ocrx_word' id='word_1_189' title='bbox 927 2442 976 2492; x_wconf 89' lang='lat' dir='ltr'><strong>boc</strong></span> <span class='ocrx_word' id='word_1_190' title='bbox 988 2440 1164 2506; x_wconf 81' lang='lat' dir='ltr'><strong>quoquelnter</strong></span> <span class='ocrx_word' id='word_1_191' title='bbox 1174 2440 1286 2488; x_wconf 80' lang='lat' dir='ltr'><strong>honores</strong></span> 
     </span>
     <span class='ocr_line' id='line_1_23' title="bbox 189 2517 1284 2583; baseline -0.006 -12"><span class='ocrx_word' id='word_1_192' title='bbox 189 2522 565 2582; x_wconf 72' lang='lat' dir='ltr'><strong>collocabatur-,honestissima</strong></span> <span class='ocrx_word' id='word_1_193' title='bbox 584 2527 657 2570; x_wconf 82' lang='lat' dir='ltr'><strong>veste</strong></span> <span class='ocrx_word' id='word_1_194' title='bbox 680 2521 717 2568; x_wconf 84' lang='lat' dir='ltr'><strong>ri·</strong></span> <span class='ocrx_word' id='word_1_195' title='bbox 757 2519 857 2569; x_wconf 81' lang='lat' dir='ltr'><strong>divinos</strong></span> <span class='ocrx_word' id='word_1_196' title='bbox 875 2518 1068 2583; x_wconf 86' lang='lat' dir='ltr'><strong>reponendum:</strong></span> <span class='ocrx_word' id='word_1_197' title='bbox 1085 2522 1203 2565; x_wconf 82' lang='lat' dir='ltr'><strong>neutrum</strong></span> <span class='ocrx_word' id='word_1_198' title='bbox 1215 2517 1284 2564; x_wconf 88' lang='lat' dir='ltr'><strong>enirn</strong></span> 
     </span>
     <span class='ocr_line' id='line_1_24' title="bbox 192 2592 1284 2660; baseline -0.003 -17"><span class='ocrx_word' id='word_1_199' title='bbox 192 2598 275 2646; x_wconf 86' lang='lat' dir='ltr'><strong>sentis</strong></span> <span class='ocrx_word' id='word_1_200' title='bbox 291 2599 420 2657; x_wconf 86' lang='lat' dir='ltr'><strong>indutum,</strong></span> <span class='ocrx_word' id='word_1_201' title='bbox 432 2596 499 2660; x_wconf 82' lang='lat' dir='ltr'><strong>quod</strong></span> <span class='ocrx_word' id='word_1_202' title='bbox 519 2597 622 2660; x_wconf 91' lang='lat' dir='ltr'><strong>proprio</strong></span> <span class='ocrx_word' id='word_1_203' title='bbox 641 2611 717 2645; x_wconf 82' lang='lat' dir='ltr'><strong>rocs-</strong></span> <span class='ocrx_word' id='word_1_204' title='bbox 757 2594 795 2645; x_wconf 77' lang='lat' dir='ltr'><strong>iss</strong></span> <span class='ocrx_word' id='word_1_205' title='bbox 822 2604 888 2652; x_wconf 82' lang='lat' dir='ltr'><strong>erut,</strong></span> <span class='ocrx_word' id='word_1_206' title='bbox 907 2597 933 2644; x_wconf 90' lang='lat' dir='ltr'><strong>in</strong></span> <span class='ocrx_word' id='word_1_207' title='bbox 952 2593 1027 2655; x_wconf 82' lang='lat' dir='ltr'><strong>orbe,</strong></span> <span class='ocrx_word' id='word_1_208' title='bbox 1048 2593 1143 2643; x_wconf 88' lang='lat' dir='ltr'><strong>nedum</strong></span> <span class='ocrx_word' id='word_1_209' title='bbox 1163 2593 1189 2640; x_wconf 87' lang='lat' dir='ltr'><strong>iu</strong></span> <span class='ocrx_word' id='word_1_210' title='bbox 1209 2592 1284 2642; x_wconf 84' lang='lat' dir='ltr'><strong>Jovls</strong></span> 
     </span>
     <span class='ocr_line' id='line_1_25' title="bbox 192 2667 1284 2734; baseline -0.007 -12"><span class='ocrx_word' id='word_1_211' title='bbox 192 2673 253 2722; x_wconf 88' lang='lat' dir='ltr'><strong>bulo</strong></span> <span class='ocrx_word' id='word_1_212' title='bbox 276 2672 412 2722; x_wconf 88' lang='lat' dir='ltr'><strong>dicebstur</strong></span> <span class='ocrx_word' id='word_1_213' title='bbox 433 2671 579 2734; x_wconf 81' lang='lat' dir='ltr'><strong>collocutio,</strong></span> <span class='ocrx_word' id='word_1_214' title='bbox 597 2680 625 2721; x_wconf 81' lang='lat' dir='ltr'><strong>et</strong></span> <span class='ocrx_word' id='word_1_215' title='bbox 642 2687 717 2734; x_wconf 87' lang='lat' dir='ltr'><strong>sper·</strong></span> <span class='ocrx_word' id='word_1_216' title='bbox 758 2671 835 2725; x_wconf 87' lang='lat' dir='ltr'><strong>cells,</strong></span> <span class='ocrx_word' id='word_1_217' title='bbox 860 2671 967 2721; x_wconf 89' lang='lat' dir='ltr'><strong>creutsri</strong></span> <span class='ocrx_word' id='word_1_218' title='bbox 996 2677 1123 2719; x_wconf 82' lang='lat' dir='ltr'><strong>mortuus.</strong></span> <span class='ocrx_word' id='word_1_219' title='bbox 1159 2667 1284 2718; x_wconf 76' lang='lat' dir='ltr'><strong>Quiane</strong></span> 
     </span>
     <span class='ocr_line' id='line_1_26' title="bbox 190 2743 1288 2814; baseline -0.005 -17"><span class='ocrx_word' id='word_1_220' title='bbox 190 2751 242 2798; x_wconf 87' lang='lat' dir='ltr'><strong>tius</strong></span> <span class='ocrx_word' id='word_1_221' title='bbox 253 2749 368 2797; x_wconf 83' lang='lat' dir='ltr'><strong>innuitur</strong></span> <span class='ocrx_word' id='word_1_222' title='bbox 380 2745 455 2803; x_wconf 79' lang='lat' dir='ltr'><strong>inies,</strong></span> <span class='ocrx_word' id='word_1_223' title='bbox 471 2746 496 2795; x_wconf 93' lang='lat' dir='ltr'><strong>lu</strong></span> <span class='ocrx_word' id='word_1_224' title='bbox 509 2744 619 2810; x_wconf 77' lang='lat' dir='ltr'><strong>August.</strong></span> <span class='ocrx_word' id='word_1_225' title='bbox 631 2761 652 2796; x_wconf 85' lang='lat' dir='ltr'><strong>c.</strong></span> <span class='ocrx_word' id='word_1_226' title='bbox 662 2751 718 2796; x_wconf 75' lang='lat' dir='ltr'><strong>lcii.</strong></span> <span class='ocrx_word' id='word_1_227' title='bbox 758 2748 866 2797; x_wconf 77' lang='lat' dir='ltr'><strong>cremori</strong></span> <span class='ocrx_word' id='word_1_228' title='bbox 888 2747 992 2814; x_wconf 83' lang='lat' dir='ltr'><strong>quidem</strong></span> <span class='ocrx_word' id='word_1_229' title='bbox 1014 2748 1091 2798; x_wconf 85' lang='lat' dir='ltr'><strong>moris</strong></span> <span class='ocrx_word' id='word_1_230' title='bbox 1113 2743 1288 2808; x_wconf 67' lang='lat' dir='ltr'><strong>antiquissimi</strong></span> 
     </span>
     <span class='ocr_line' id='line_1_27' title="bbox 189 2818 1286 2886; baseline -0.005 -14"><span class='ocrx_word' id='word_1_231' title='bbox 189 2824 251 2872; x_wconf 85' lang='lat' dir='ltr'><strong>iude</strong></span> <span class='ocrx_word' id='word_1_232' title='bbox 280 2837 374 2885; x_wconf 86' lang='lat' dir='ltr'><strong>corpus</strong></span> <span class='ocrx_word' id='word_1_233' title='bbox 406 2822 529 2882; x_wconf 73' lang='lat' dir='ltr'><strong>ablutum,</strong></span> <span class='ocrx_word' id='word_1_234' title='bbox 557 2830 674 2883; x_wconf 85' lang='lat' dir='ltr'><strong>nocturn,</strong></span> <span class='ocrx_word' id='word_1_235' title='bbox 691 2832 718 2872; x_wconf 90' lang='lat' dir='ltr'><strong>et</strong></span> <span class='ocrx_word' id='word_1_236' title='bbox 759 2822 848 2878; x_wconf 82' lang='lat' dir='ltr'><strong>fnisse.</strong></span> <span class='ocrx_word' id='word_1_237' title='bbox 860 2824 953 2886; x_wconf 81' lang='lat' dir='ltr'><strong>probat</strong></span> <span class='ocrx_word' id='word_1_238' title='bbox 972 2823 1064 2872; x_wconf 82' lang='lat' dir='ltr'><strong>Cicero</strong></span> <span class='ocrx_word' id='word_1_239' title='bbox 1077 2835 1096 2870; x_wconf 94' lang='lat' dir='ltr'><strong>s.</strong></span> <span class='ocrx_word' id='word_1_240' title='bbox 1118 2820 1152 2870; x_wconf 87' lang='lat' dir='ltr'><strong>de</strong></span> <span class='ocrx_word' id='word_1_241' title='bbox 1168 2818 1245 2883; x_wconf 87' lang='lat' dir='ltr'><strong>legib.</strong></span> <span class='ocrx_word' id='word_1_242' title='bbox 1258 2822 1286 2868; x_wconf 77' lang='lat' dir='ltr'><strong>dr</strong></span> 
     </span>
     <span class='ocr_line' id='line_1_28' title="bbox 190 2894 1287 2962; baseline -0.005 -14"><span class='ocrx_word' id='word_1_243' title='bbox 190 2907 340 2948; x_wconf 74' lang='lat' dir='ltr'><strong>coronatum</strong></span> <span class='ocrx_word' id='word_1_244' title='bbox 373 2899 405 2946; x_wconf 82' lang='lat' dir='ltr'><strong>nb</strong></span> <span class='ocrx_word' id='word_1_245' title='bbox 433 2897 521 2946; x_wconf 80' lang='lat' dir='ltr'><strong>amicis</strong></span> <span class='ocrx_word' id='word_1_246' title='bbox 547 2895 719 2961; x_wconf 84' lang='lat' dir='ltr'><strong>effluentibus,</strong></span> <span class='ocrx_word' id='word_1_247' title='bbox 760 2899 802 2948; x_wconf 90' lang='lat' dir='ltr'><strong>ubi</strong></span> <span class='ocrx_word' id='word_1_248' title='bbox 814 2900 886 2961; x_wconf 82' lang='lat' dir='ltr'><strong>dicit,</strong></span> <span class='ocrx_word' id='word_1_249' title='bbox 903 2900 1000 2962; x_wconf 77' lang='lat' dir='ltr'><strong>Syllum</strong></span> <span class='ocrx_word' id='word_1_250' title='bbox 1021 2894 1287 2961; x_wconf 84' lang='lat' dir='ltr'><strong>primumcpstriciis</strong></span> 
     </span>
     <span class='ocr_line' id='line_1_29' title="bbox 191 2967 1283 3038; baseline -0.005 -18"><span class='ocrx_word' id='word_1_251' title='bbox 191 2983 249 3038; x_wconf 85' lang='lat' dir='ltr'><strong>pust</strong></span> <span class='ocrx_word' id='word_1_252' title='bbox 261 2974 389 3037; x_wconf 77' lang='lat' dir='ltr'><strong>legitimos</strong></span> <span class='ocrx_word' id='word_1_253' title='bbox 399 2972 464 3028; x_wconf 89' lang='lat' dir='ltr'><strong>dies,</strong></span> <span class='ocrx_word' id='word_1_254' title='bbox 472 2973 514 3036; x_wconf 88' lang='lat' dir='ltr'><strong>qui</strong></span> <span class='ocrx_word' id='word_1_255' title='bbox 523 2982 624 3036; x_wconf 86' lang='lat' dir='ltr'><strong>septem</strong></span> <span class='ocrx_word' id='word_1_256' title='bbox 635 2981 719 3035; x_wconf 83' lang='lat' dir='ltr'><strong>erunt,</strong></span> <span class='ocrx_word' id='word_1_257' title='bbox 760 2975 893 3030; x_wconf 85' lang='lat' dir='ltr'><strong>Corneliis,</strong></span> <span class='ocrx_word' id='word_1_258' title='bbox 915 2971 984 3036; x_wconf 82' lang='lat' dir='ltr'><strong>qrrod</strong></span> <span class='ocrx_word' id='word_1_259' title='bbox 1005 2973 1083 3022; x_wconf 85' lang='lat' dir='ltr'><strong>Msrii</strong></span> <span class='ocrx_word' id='word_1_260' title='bbox 1110 2969 1229 3033; x_wconf 85' lang='lat' dir='ltr'><strong>reliquiss</strong></span> <span class='ocrx_word' id='word_1_261' title='bbox 1252 2967 1283 3015; x_wconf 84' lang='lat' dir='ltr'><strong>sd</strong></span> 
     </span>
     <span class='ocr_line' id='line_1_30' title="bbox 190 3045 1285 3113; baseline -0.009 -14"><span class='ocrx_word' id='word_1_262' title='bbox 190 3049 353 3100; x_wconf 74' lang='lat' dir='ltr'><strong>efferebatur</strong></span> <span class='ocrx_word' id='word_1_263' title='bbox 369 3049 401 3097; x_wconf 85' lang='lat' dir='ltr'><strong>sd</strong></span> <span class='ocrx_word' id='word_1_264' title='bbox 415 3048 529 3110; x_wconf 82' lang='lat' dir='ltr'><strong>bustum,</strong></span> <span class='ocrx_word' id='word_1_265' title='bbox 540 3063 589 3113; x_wconf 84' lang='lat' dir='ltr'><strong>quo</strong></span> <span class='ocrx_word' id='word_1_266' title='bbox 601 3055 719 3113; x_wconf 87' lang='lat' dir='ltr'><strong>tempore</strong></span> <span class='ocrx_word' id='word_1_267' title='bbox 759 3050 886 3100; x_wconf 76' lang='lat' dir='ltr'><strong>Anienem</strong></span> <span class='ocrx_word' id='word_1_268' title='bbox 896 3051 958 3099; x_wconf 88' lang='lat' dir='ltr'><strong>sitss</strong></span> <span class='ocrx_word' id='word_1_269' title='bbox 970 3047 1089 3110; x_wconf 89' lang='lat' dir='ltr'><strong>dissipsri</strong></span> <span class='ocrx_word' id='word_1_270' title='bbox 1100 3045 1230 3109; x_wconf 86' lang='lat' dir='ltr'><strong>jussisset,</strong></span> <span class='ocrx_word' id='word_1_271' title='bbox 1242 3055 1285 3090; x_wconf 85' lang='lat' dir='ltr'><strong>re·</strong></span> 
     </span>
     <span class='ocr_line' id='line_1_31' title="bbox 192 3118 1284 3190; baseline -0.005 -16"><span class='ocrx_word' id='word_1_272' title='bbox 192 3127 226 3174; x_wconf 82' lang='lat' dir='ltr'><strong>sd</strong></span> <span class='ocrx_word' id='word_1_273' title='bbox 249 3124 423 3174; x_wconf 85' lang='lat' dir='ltr'><strong>bonestsndss</strong></span> <span class='ocrx_word' id='word_1_274' title='bbox 447 3137 573 3174; x_wconf 85' lang='lat' dir='ltr'><strong>concursu</strong></span> <span class='ocrx_word' id='word_1_275' title='bbox 595 3127 718 3190; x_wconf 82' lang='lat' dir='ltr'><strong>exequiss</strong></span> <span class='ocrx_word' id='word_1_276' title='bbox 758 3127 836 3175; x_wconf 86' lang='lat' dir='ltr'><strong>ritum</strong></span> <span class='ocrx_word' id='word_1_277' title='bbox 846 3141 878 3174; x_wconf 89' lang='lat' dir='ltr'><strong>ne</strong></span> <span class='ocrx_word' id='word_1_278' title='bbox 891 3141 937 3174; x_wconf 90' lang='lat' dir='ltr'><strong>sno</strong></span> <span class='ocrx_word' id='word_1_279' title='bbox 948 3123 1050 3186; x_wconf 79' lang='lat' dir='ltr'><strong>corpori</strong></span> <span class='ocrx_word' id='word_1_280' title='bbox 1063 3123 1131 3171; x_wconf 85' lang='lat' dir='ltr'><strong>idem</strong></span> <span class='ocrx_word' id='word_1_281' title='bbox 1142 3118 1284 3181; x_wconf 74' lang='lat' dir='ltr'><strong>occideret,</strong></span> 
     </span>
     <span class='ocr_line' id='line_1_32' title="bbox 191 3191 1332 3265; baseline -0.007 -15"><span class='ocrx_word' id='word_1_282' title='bbox 191 3201 304 3265; x_wconf 90' lang='lat' dir='ltr'><strong>populus</strong></span> <span class='ocrx_word' id='word_1_283' title='bbox 316 3199 520 3250; x_wconf 85' lang='lat' dir='ltr'><strong>erorsbsturbls</strong></span> <span class='ocrx_word' id='word_1_284' title='bbox 531 3201 617 3250; x_wconf 83' lang='lat' dir='ltr'><strong>verbis</strong></span> <span class='ocrx_word' id='word_1_285' title='bbox 627 3217 634 3250; x_wconf 80' lang='lat' dir='ltr'><strong>t</strong></span> <span class='ocrx_word' id='word_1_286' title='bbox 646 3201 655 3228; x_wconf 89' lang='lat'>‘</span> <span class='ocrx_word' id='word_1_287' title='bbox 667 3202 719 3250; x_wconf 79' lang='lat' dir='ltr'><strong>Ex·</strong></span> <span class='ocrx_word' id='word_1_288' title='bbox 759 3200 924 3251; x_wconf 77' lang='lat' dir='ltr'><strong>cremandum</strong></span> <span class='ocrx_word' id='word_1_289' title='bbox 935 3201 985 3249; x_wconf 87' lang='lat' dir='ltr'><strong>ltoc</strong></span> <span class='ocrx_word' id='word_1_290' title='bbox 995 3201 1114 3248; x_wconf 85' lang='lat' dir='ltr'><strong>voluisse.</strong></span> <span class='ocrx_word' id='word_1_291' title='bbox 1328 3191 1332 3196; x_wconf 86' lang='lat'>&#39;</span> 
     </span>
     <span class='ocr_line' id='line_1_33' title="bbox 191 3266 1286 3341; baseline -0.009 -15"><span class='ocrx_word' id='word_1_292' title='bbox 191 3279 283 3341; x_wconf 84' lang='lat' dir='ltr'><strong>cquiss</strong></span> <span class='ocrx_word' id='word_1_293' title='bbox 294 3277 325 3326; x_wconf 83' lang='lat' dir='ltr'><strong>L.</strong></span> <span class='ocrx_word' id='word_1_294' title='bbox 337 3291 360 3324; x_wconf 86' lang='lat' dir='ltr'><strong>o.</strong></span> <span class='ocrx_word' id='word_1_295' title='bbox 369 3291 397 3338; x_wconf 82' lang='lat' dir='ltr'><strong>g.</strong></span> <span class='ocrx_word' id='word_1_296' title='bbox 410 3276 475 3325; x_wconf 72' lang='lat' dir='ltr'><strong>lists</strong></span> <span class='ocrx_word' id='word_1_297' title='bbox 486 3266 579 3340; x_wconf 82' lang='lat' dir='ltr'><strong>quibus</strong></span> <span class='ocrx_word' id='word_1_298' title='bbox 594 3287 634 3326; x_wconf 86' lang='lat' dir='ltr'><strong>est</strong></span> <span class='ocrx_word' id='word_1_299' title='bbox 651 3291 719 3326; x_wconf 86' lang='lat' dir='ltr'><strong>cont·</strong></span> <span class='ocrx_word' id='word_1_300' title='bbox 791 3285 803 3310; x_wconf 84' lang='lat'><strong>⁰</strong></span> <span class='ocrx_word' id='word_1_301' title='bbox 830 3278 889 3325; x_wconf 82' lang='lat' dir='ltr'><strong>Cum</strong></span> <span class='ocrx_word' id='word_1_302' title='bbox 908 3273 1026 3323; x_wconf 78' lang='lat' dir='ltr'><strong>subselliis</strong></span> <span class='ocrx_word' id='word_1_303' title='bbox 1053 3267 1193 3330; x_wconf 75' lang='lat' dir='ltr'><strong>iribsnudu]</strong></span> <span class='ocrx_word' id='word_1_304' title='bbox 1217 3267 1286 3318; x_wconf 67' lang='lat' dir='ltr'><strong>Herc</strong></span> 
     </span>
     <span class='ocr_line' id='line_1_34' title="bbox 192 3347 1287 3416; baseline -0.008 -14"><span class='ocrx_word' id='word_1_305' title='bbox 192 3353 296 3403; x_wconf 86' lang='lat' dir='ltr'><strong>modum</strong></span> <span class='ocrx_word' id='word_1_306' title='bbox 315 3355 352 3402; x_wconf 85' lang='lat' dir='ltr'><strong>ire</strong></span> <span class='ocrx_word' id='word_1_307' title='bbox 366 3354 421 3416; x_wconf 83' lang='lat' dir='ltr'><strong>jsnt</strong></span> <span class='ocrx_word' id='word_1_308' title='bbox 434 3359 534 3415; x_wconf 87' lang='lat' dir='ltr'><strong>ternpus</strong></span> <span class='ocrx_word' id='word_1_309' title='bbox 546 3361 595 3412; x_wconf 79' lang='lat' dir='ltr'><strong>est,</strong></span> <span class='ocrx_word' id='word_1_310' title='bbox 611 3354 676 3402; x_wconf 85' lang='lat' dir='ltr'><strong>olins</strong></span> <span class='ocrx_word' id='word_1_311' title='bbox 687 3368 721 3401; x_wconf 85' lang='lat' dir='ltr'><strong>ex</strong></span> <span class='ocrx_word' id='word_1_312' title='bbox 760 3351 879 3413; x_wconf 77' lang='lat' dir='ltr'><strong>presteris</strong></span> <span class='ocrx_word' id='word_1_313' title='bbox 904 3357 931 3399; x_wconf 86' lang='lat' dir='ltr'><strong>et</strong></span> <span class='ocrx_word' id='word_1_314' title='bbox 954 3349 1062 3399; x_wconf 91' lang='lat' dir='ltr'><strong>sliorurn</strong></span> <span class='ocrx_word' id='word_1_315' title='bbox 1082 3347 1287 3410; x_wconf 74' lang='lat' dir='ltr'><strong>magistratuum,</strong></span> 
     </span>
     <span class='ocr_line' id='line_1_35' title="bbox 192 3424 1285 3492; baseline -0.008 -12"><span class='ocrx_word' id='word_1_316' title='bbox 192 3429 292 3480; x_wconf 75' lang='lat' dir='ltr'><strong>sedibus</strong></span> <span class='ocrx_word' id='word_1_317' title='bbox 314 3428 438 3479; x_wconf 60' lang='lat' dir='ltr'><strong>effertur?</strong></span> <span class='ocrx_word' id='word_1_318' title='bbox 480 3429 555 3479; x_wconf 89' lang='lat' dir='ltr'><strong>Tunc</strong></span> <span class='ocrx_word' id='word_1_319' title='bbox 573 3429 720 3492; x_wconf 84' lang='lat' dir='ltr'><strong>impositum</strong></span> <span class='ocrx_word' id='word_1_320' title='bbox 760 3425 804 3475; x_wconf 85' lang='lat' dir='ltr'><strong>illu</strong></span> <span class='ocrx_word' id='word_1_321' title='bbox 815 3425 948 3480; x_wconf 72' lang='lat' dir='ltr'><strong>iudicum,</strong></span> <span class='ocrx_word' id='word_1_322' title='bbox 965 3424 998 3473; x_wconf 89' lang='lat' dir='ltr'><strong>de</strong></span> <span class='ocrx_word' id='word_1_323' title='bbox 1011 3424 1103 3490; x_wconf 88' lang='lat' dir='ltr'><strong>quibus</strong></span> <span class='ocrx_word' id='word_1_324' title='bbox 1115 3438 1193 3487; x_wconf 84' lang='lat' dir='ltr'><strong>supro</strong></span> <span class='ocrx_word' id='word_1_325' title='bbox 1210 3437 1234 3471; x_wconf 91' lang='lat' dir='ltr'><strong>c.</strong></span> <span class='ocrx_word' id='word_1_326' title='bbox 1245 3427 1285 3472; x_wconf 90' lang='lat' dir='ltr'><strong>ll.</strong></span> 
     </span>
     <span class='ocr_line' id='line_1_36' title="bbox 191 3493 837 3568; baseline -0.005 -15"><span class='ocrx_word' id='word_1_327' title='bbox 191 3507 260 3555; x_wconf 90' lang='lat' dir='ltr'><strong>lecto</strong></span> <span class='ocrx_word' id='word_1_328' title='bbox 272 3505 407 3568; x_wconf 83' lang='lat' dir='ltr'><strong>splendide</strong></span> <span class='ocrx_word' id='word_1_329' title='bbox 419 3493 502 3554; x_wconf 79' lang='lat' dir='ltr'><strong>struto</strong></span> <span class='ocrx_word' id='word_1_330' title='bbox 513 3519 606 3568; x_wconf 86' lang='lat' dir='ltr'><strong>corpus</strong></span> <span class='ocrx_word' id='word_1_331' title='bbox 623 3517 722 3566; x_wconf 87' lang='lat' dir='ltr'><strong>prtece-</strong></span> <span class='ocrx_word' id='word_1_332' title='bbox 761 3505 837 3552; x_wconf 71' lang='lat' dir='ltr'><strong>etll.</strong></span> 
     </span>
     <span class='ocr_line' id='line_1_37' title="bbox 193 3573 1286 3644; baseline -0.006 -17"><span class='ocrx_word' id='word_1_333' title='bbox 193 3579 273 3629; x_wconf 86' lang='lat' dir='ltr'><strong>dente</strong></span> <span class='ocrx_word' id='word_1_334' title='bbox 295 3581 414 3641; x_wconf 79' lang='lat' dir='ltr'><strong>tibicine,</strong></span> <span class='ocrx_word' id='word_1_335' title='bbox 437 3581 480 3644; x_wconf 82' lang='lat' dir='ltr'><strong>qui</strong></span> <span class='ocrx_word' id='word_1_336' title='bbox 502 3581 610 3629; x_wconf 76' lang='lat' dir='ltr'><strong>ueniam</strong></span> <span class='ocrx_word' id='word_1_337' title='bbox 632 3581 657 3628; x_wconf 93' lang='lat' dir='ltr'><strong>in</strong></span> <span class='ocrx_word' id='word_1_338' title='bbox 676 3578 722 3628; x_wconf 91' lang='lat' dir='ltr'><strong>de·</strong></span> <span class='ocrx_word' id='word_1_339' title='bbox 792 3577 862 3626; x_wconf 70' lang='lat' dir='ltr'><strong>Md</strong></span> <span class='ocrx_word' id='word_1_340' title='bbox 880 3590 975 3626; x_wconf 80' lang='lat' dir='ltr'><strong>monstrt</strong></span> <span class='ocrx_word' id='word_1_341' title='bbox 993 3573 1168 3638; x_wconf 66' lang='lat' dir='ltr'><strong>[donumlSic</strong></span> <span class='ocrx_word' id='word_1_342' title='bbox 1187 3573 1212 3622; x_wconf 91' lang='lat' dir='ltr'><strong>in</strong></span> <span class='ocrx_word' id='word_1_343' title='bbox 1235 3573 1286 3622; x_wconf 90' lang='lat' dir='ltr'><strong>suis</strong></span> 
     </span>
     <span class='ocr_line' id='line_1_38' title="bbox 195 3649 1287 3723; baseline -0.008 -19"><span class='ocrx_word' id='word_1_344' title='bbox 195 3655 279 3704; x_wconf 81' lang='lat' dir='ltr'><strong>iuneti</strong></span> <span class='ocrx_word' id='word_1_345' title='bbox 295 3657 398 3706; x_wconf 80' lang='lat' dir='ltr'><strong>leudem</strong></span> <span class='ocrx_word' id='word_1_346' title='bbox 414 3663 531 3723; x_wconf 76' lang='lat' dir='ltr'><strong>teneret,</strong></span> <span class='ocrx_word' id='word_1_347' title='bbox 543 3656 721 3719; x_wconf 82' lang='lat' dir='ltr'><strong>iunerisporn·</strong></span> <span class='ocrx_word' id='word_1_348' title='bbox 760 3652 876 3703; x_wconf 87' lang='lat' dir='ltr'><strong>omnibus</strong></span> <span class='ocrx_word' id='word_1_349' title='bbox 895 3651 970 3700; x_wconf 80' lang='lat' dir='ltr'><strong>Torr.</strong></span> <span class='ocrx_word' id='word_1_350' title='bbox 990 3651 1072 3712; x_wconf 85' lang='lat' dir='ltr'><strong>legit:</strong></span> <span class='ocrx_word' id='word_1_351' title='bbox 1093 3663 1170 3712; x_wconf 78' lang='lat' dir='ltr'><strong>quere</strong></span> <span class='ocrx_word' id='word_1_352' title='bbox 1194 3649 1287 3697; x_wconf 87' lang='lat' dir='ltr'><strong>intelli·</strong></span> 
     </span>
     <span class='ocr_line' id='line_1_39' title="bbox 196 3718 1288 3793; baseline -0.007 -15"><span class='ocrx_word' id='word_1_353' title='bbox 196 3745 231 3793; x_wconf 86' lang='lat' dir='ltr'><strong>ps</strong></span> <span class='ocrx_word' id='word_1_354' title='bbox 251 3732 415 3793; x_wconf 79' lang='lat' dir='ltr'><strong>procedebat.</strong></span> <span class='ocrx_word' id='word_1_355' title='bbox 458 3733 524 3783; x_wconf 77' lang='lat' dir='ltr'><strong>Qum</strong></span> <span class='ocrx_word' id='word_1_356' title='bbox 547 3733 632 3781; x_wconf 86' lang='lat' dir='ltr'><strong>ontnis</strong></span> <span class='ocrx_word' id='word_1_357' title='bbox 651 3733 721 3781; x_wconf 84' lang='lat' dir='ltr'><strong>iscis</strong></span> <span class='ocrx_word' id='word_1_358' title='bbox 760 3718 853 3792; x_wconf 72' lang='lat' dir='ltr'><strong>genus</strong></span> <span class='ocrx_word' id='word_1_359' title='bbox 873 3734 934 3776; x_wconf 91' lang='lat' dir='ltr'><strong>sunt</strong></span> <span class='ocrx_word' id='word_1_360' title='bbox 953 3724 1062 3785; x_wconf 75' lang='lat' dir='ltr'><strong>inierim,</strong></span> <span class='ocrx_word' id='word_1_361' title='bbox 1079 3723 1111 3771; x_wconf 89' lang='lat' dir='ltr'><strong>de</strong></span> <span class='ocrx_word' id='word_1_362' title='bbox 1131 3721 1222 3786; x_wconf 86' lang='lat' dir='ltr'><strong>quibus</strong></span> <span class='ocrx_word' id='word_1_363' title='bbox 1238 3721 1288 3770; x_wconf 86' lang='lat' dir='ltr'><strong>hoc</strong></span> 
     </span>
     <span class='ocr_line' id='line_1_40' title="bbox 196 3796 1287 3870; baseline -0.008 -15"><span class='ocrx_word' id='word_1_364' title='bbox 196 3819 254 3855; x_wconf 88' lang='lat' dir='ltr'><strong>esse</strong></span> <span class='ocrx_word' id='word_1_365' title='bbox 270 3809 383 3868; x_wconf 83' lang='lat' dir='ltr'><strong>oportuit</strong></span> <span class='ocrx_word' id='word_1_366' title='bbox 395 3821 453 3857; x_wconf 87' lang='lat' dir='ltr'><strong>curn</strong></span> <span class='ocrx_word' id='word_1_367' title='bbox 467 3823 514 3870; x_wconf 90' lang='lat' dir='ltr'><strong>pro</strong></span> <span class='ocrx_word' id='word_1_368' title='bbox 534 3807 634 3855; x_wconf 86' lang='lat' dir='ltr'><strong>Rostris</strong></span> <span class='ocrx_word' id='word_1_369' title='bbox 647 3805 721 3855; x_wconf 81' lang='lat' dir='ltr'><strong>ceds-</strong></span> <span class='ocrx_word' id='word_1_370' title='bbox 760 3807 848 3866; x_wconf 85' lang='lat' dir='ltr'><strong>cupite</strong></span> <span class='ocrx_word' id='word_1_371' title='bbox 860 3801 1002 3852; x_wconf 86' lang='lat' dir='ltr'><strong>Berosldus</strong></span> <span class='ocrx_word' id='word_1_372' title='bbox 1019 3801 1045 3849; x_wconf 93' lang='lat' dir='ltr'><strong>iu</strong></span> <span class='ocrx_word' id='word_1_373' title='bbox 1065 3798 1138 3848; x_wconf 90' lang='lat' dir='ltr'><strong>bonis</strong></span> <span class='ocrx_word' id='word_1_374' title='bbox 1156 3796 1287 3846; x_wconf 86' lang='lat' dir='ltr'><strong>codicibus</strong></span> 
     </span>
     <span class='ocr_line' id='line_1_41' title="bbox 196 3878 1288 3948; baseline -0.005 -17"><span class='ocrx_word' id='word_1_375' title='bbox 196 3898 251 3946; x_wconf 84' lang='lat' dir='ltr'><strong>ver,</strong></span> <span class='ocrx_word' id='word_1_376' title='bbox 272 3885 306 3933; x_wconf 91' lang='lat' dir='ltr'><strong>ibi</strong></span> <span class='ocrx_word' id='word_1_377' title='bbox 322 3886 420 3948; x_wconf 87' lang='lat' dir='ltr'><strong>quippe</strong></span> <span class='ocrx_word' id='word_1_378' title='bbox 443 3885 563 3933; x_wconf 75' lang='lat' dir='ltr'><strong>laudatus</strong></span> <span class='ocrx_word' id='word_1_379' title='bbox 584 3881 722 3933; x_wconf 80' lang='lat' dir='ltr'><strong>defunctus</strong></span> <span class='ocrx_word' id='word_1_380' title='bbox 762 3883 854 3944; x_wconf 86' lang='lat' dir='ltr'><strong>legisse</strong></span> <span class='ocrx_word' id='word_1_381' title='bbox 873 3894 901 3928; x_wconf 89' lang='lat' dir='ltr'><strong>se</strong></span> <span class='ocrx_word' id='word_1_382' title='bbox 918 3880 955 3928; x_wconf 85' lang='lat' dir='ltr'><strong>ult</strong></span> <span class='ocrx_word' id='word_1_383' title='bbox 971 3881 1003 3927; x_wconf 84' lang='lat' dir='ltr'><strong>nd</strong></span> <span class='ocrx_word' id='word_1_384' title='bbox 1022 3893 1133 3926; x_wconf 79' lang='lat' dir='ltr'><strong>murrum.-</strong></span> <span class='ocrx_word' id='word_1_385' title='bbox 1148 3889 1223 3939; x_wconf 86' lang='lat' dir='ltr'><strong>qrrssn</strong></span> <span class='ocrx_word' id='word_1_386' title='bbox 1236 3878 1288 3926; x_wconf 90' lang='lat' dir='ltr'><strong>lec·</strong></span> 
     </span>
     <span class='ocr_line' id='line_1_42' title="bbox 193 3951 1289 4009; baseline -0.009 0"><span class='ocrx_word' id='word_1_387' title='bbox 193 3967 270 4009; x_wconf 83' lang='lat' dir='ltr'><strong>estro</strong></span> <span class='ocrx_word' id='word_1_388' title='bbox 282 3961 371 4009; x_wconf 86' lang='lat' dir='ltr'><strong>urbern</strong></span> <span class='ocrx_word' id='word_1_389' title='bbox 388 3960 541 4009; x_wconf 80' lang='lat' dir='ltr'><strong>cremandus</strong></span> <span class='ocrx_word' id='word_1_390' title='bbox 554 3957 720 4008; x_wconf 79' lang='lat' dir='ltr'><strong>efferebatur.</strong></span> <span class='ocrx_word' id='word_1_391' title='bbox 763 3958 858 4006; x_wconf 85' lang='lat' dir='ltr'><strong>tionsrn</strong></span> <span class='ocrx_word' id='word_1_392' title='bbox 868 3953 1129 4003; x_wconf 81' lang='lat' dir='ltr'><strong>videturcoufirrusre</strong></span> <span class='ocrx_word' id='word_1_393' title='bbox 1139 3951 1217 3999; x_wconf 79' lang='lat' dir='ltr'><strong>etism</strong></span> <span class='ocrx_word' id='word_1_394' title='bbox 1225 3951 1289 4000; x_wconf 87' lang='lat' dir='ltr'><strong>Plu·</strong></span> 
     </span>
     <span class='ocr_line' id='line_1_43' title="bbox 194 4024 1289 4098; baseline -0.011 -12"><span class='ocrx_word' id='word_1_395' title='bbox 194 4035 282 4086; x_wconf 81' lang='lat' dir='ltr'><strong>Qunre</strong></span> <span class='ocrx_word' id='word_1_396' title='bbox 300 4035 434 4085; x_wconf 60' lang='lat' dir='ltr'><strong>deruerunt</strong></span> <span class='ocrx_word' id='word_1_397' title='bbox 450 4037 526 4098; x_wconf 84' lang='lat' dir='ltr'><strong>longe</strong></span> <span class='ocrx_word' id='word_1_398' title='bbox 545 4033 647 4082; x_wconf 85' lang='lat' dir='ltr'><strong>ridetur</strong></span> <span class='ocrx_word' id='word_1_399' title='bbox 669 4049 721 4083; x_wconf 88' lang='lat' dir='ltr'><strong>sne·</strong></span> <span class='ocrx_word' id='word_1_400' title='bbox 763 4031 878 4092; x_wconf 82' lang='lat' dir='ltr'><strong>insultus,</strong></span> <span class='ocrx_word' id='word_1_401' title='bbox 898 4028 1037 4087; x_wconf 80' lang='lat' dir='ltr'><strong>caucellos,</strong></span> <span class='ocrx_word' id='word_1_402' title='bbox 1056 4024 1160 4089; x_wconf 74' lang='lat' dir='ltr'><strong>gradus,</strong></span> <span class='ocrx_word' id='word_1_403' title='bbox 1178 4027 1289 4088; x_wconf 80' lang='lat' dir='ltr'><strong>trapezi-</strong></span> 
     </span>
     <span class='ocr_line' id='line_1_44' title="bbox 193 4102 1289 4177; baseline -0.006 -19"><span class='ocrx_word' id='word_1_404' title='bbox 193 4111 252 4167; x_wconf 83' lang='lat' dir='ltr'><strong>lius‚</strong></span> <span class='ocrx_word' id='word_1_405' title='bbox 264 4125 342 4174; x_wconf 84' lang='lat' dir='ltr'><strong>quum</strong></span> <span class='ocrx_word' id='word_1_406' title='bbox 353 4113 497 4177; x_wconf 63' lang='lat' dir='ltr'><strong>damni.</strong></span> <span class='ocrx_word' id='word_1_407' title='bbox 763 4115 846 4156; x_wconf 86' lang='lat' dir='ltr'><strong>tsrunr</strong></span> <span class='ocrx_word' id='word_1_408' title='bbox 864 4103 975 4160; x_wconf 91' lang='lat' dir='ltr'><strong>tsbolss‚</strong></span> <span class='ocrx_word' id='word_1_409' title='bbox 995 4115 1044 4150; x_wconf 85' lang='lat' dir='ltr'><strong>nne</strong></span> <span class='ocrx_word' id='word_1_410' title='bbox 1065 4109 1199 4163; x_wconf 81' lang='lat' dir='ltr'><strong>congestas</strong></span> <span class='ocrx_word' id='word_1_411' title='bbox 1222 4102 1289 4152; x_wconf 84' lang='lat' dir='ltr'><strong>sffir·</strong></span> 
     </span>
     <span class='ocr_line' id='line_1_45' title="bbox 225 4177 1287 4251; baseline -0.007 -16"><span class='ocrx_word' id='word_1_412' title='bbox 225 4193 242 4218; x_wconf 85' lang='lat'><strong>¹¹¹</strong></span> <span class='ocrx_word' id='word_1_413' title='bbox 260 4187 436 4251; x_wconf 77' lang='lat' dir='ltr'><strong>Megistrutrss]</strong></span> <span class='ocrx_word' id='word_1_414' title='bbox 471 4187 514 4236; x_wconf 81' lang='lat' dir='ltr'><strong>Sic</strong></span> <span class='ocrx_word' id='word_1_415' title='bbox 535 4193 563 4235; x_wconf 87' lang='lat' dir='ltr'><strong>et</strong></span> <span class='ocrx_word' id='word_1_416' title='bbox 584 4184 722 4249; x_wconf 84' lang='lat' dir='ltr'><strong>sliqusudo</strong></span> <span class='ocrx_word' id='word_1_417' title='bbox 763 4181 897 4246; x_wconf 80' lang='lat' dir='ltr'><strong>mens,sed</strong></span> <span class='ocrx_word' id='word_1_418' title='bbox 916 4181 1027 4242; x_wconf 85' lang='lat' dir='ltr'><strong>priorem</strong></span> <span class='ocrx_word' id='word_1_419' title='bbox 1046 4178 1180 4228; x_wconf 87' lang='lat' dir='ltr'><strong>lectionem</strong></span> <span class='ocrx_word' id='word_1_420' title='bbox 1197 4177 1287 4241; x_wconf 79' lang='lat' dir='ltr'><strong>praeie:</strong></span> 
     </span>
     <span class='ocr_line' id='line_1_46' title="bbox 194 4254 1290 4324; baseline -0.011 -16"><span class='ocrx_word' id='word_1_421' title='bbox 194 4261 315 4311; x_wconf 80' lang='lat' dir='ltr'><strong>Vestsles</strong></span> <span class='ocrx_word' id='word_1_422' title='bbox 335 4263 432 4324; x_wconf 80' lang='lat' dir='ltr'><strong>Syllam</strong></span> <span class='ocrx_word' id='word_1_423' title='bbox 451 4261 603 4312; x_wconf 80' lang='lat' dir='ltr'><strong>defunctum</strong></span> <span class='ocrx_word' id='word_1_424' title='bbox 624 4260 722 4310; x_wconf 87' lang='lat' dir='ltr'><strong>detule·</strong></span> <span class='ocrx_word' id='word_1_425' title='bbox 764 4257 869 4308; x_wconf 89' lang='lat' dir='ltr'><strong>rendsrn</strong></span> <span class='ocrx_word' id='word_1_426' title='bbox 881 4255 1013 4306; x_wconf 86' lang='lat' dir='ltr'><strong>contendit</strong></span> <span class='ocrx_word' id='word_1_427' title='bbox 1025 4254 1222 4304; x_wconf 85' lang='lat' dir='ltr'><strong>Cussnbonus.-</strong></span> <span class='ocrx_word' id='word_1_428' title='bbox 1288 4289 1290 4296; x_wconf 89' lang='grc'><em>,</em></span> 
     </span>
    </p>
   </div>
   <div class='ocr_carea' id='block_1_7' title="bbox 0 0 1600 4918">
    <p class='ocr_par' dir='ltr' id='par_1_7' title="bbox 0 0 1600 4918">
     <span class='ocr_line' id='line_1_47' title="bbox 0 0 1600 4918; baseline 0 0"><span class='ocrx_word' id='word_1_429' title='bbox 0 0 1600 4918; x_wconf 95' lang='lat' dir='ltr'><strong> </strong></span> 
     </span>
    </p>
   </div>
  </div>
 </body>
</html>
