3228 4926
293 375 358 442 330
723 388 755 434 (l.
779 383 958 434 suliacus!

294 535 701 618 proscriptcs⁵⁸curnsse
722 528 924 594 referendus.
968 527 1013 592 Et
1027 527 1151 592 deinde
1172 527 1262 592 bellu
1278 527 1389 592 Sicili-

294 636 367 700 ensi
382 636 585 716 epigramma
597 633 764 714 vulgatum
775 637 848 696 est:
1089 691 1092 695 .

380 735 568 819 Postquam
584 735 637 798 bis
652 735 764 799 classe
779 732 910 798 victusl
924 751 1029 797 naves
1045 732 1201 818 perdidit,

380 835 572 920 Aliquando
588 841 623 900 ni
637 836 762 914 vincat,
775 835 862 898 ludit
876 835 1010 898 assidue
1026 832 1160 898 aleam.⁶

296 938 378 1022 [ri]
401 939 453 1002 Ex
474 939 598 1021 quibus
622 939 696 1002 sive
718 937 911 1001 criminibus
926 937 998 1000 sive
1012 936 1202 1000 maledictis
1216 934 1386 999 infamiam

294 1039 535 1121 impudicitiae⁰
559 1039 718 1104 facillime
736 1038 902 1116 refutavit,
932 1043 966 1102 et
990 1039 1163 1121 praesentis
1188 1043 1221 1102 et
1241 1044 1386 1119 posterae

294 1141 375 1206 vitae
390 1141 556 1206 castitate.
601 1141 686 1205 Item
701 1141 902 1204 lautitiarum
918 1139 1077 1204 iuvidiam
1087 1142 1117 1219 3⁷
1144 1158 1221 1229 curn
1234 1145 1270 1203 et
1283 1137 1388 1202 Alex-

296 1241 410 1306 andria
424 1243 546 1325 captat
560 1242 644 1306 nihil
667 1243 733 1306 sibi
753 1248 875 1324 praeter
896 1261 996 1305 nnurn
1011 1241 1211 1305 murrhinum
1226 1239 1387 1303 calicem·

295 1343 365 1408 ex⁸
381 1345 596 1408 instrumento
619 1344 709 1426 regio
730 1343 915 1420 retinuerit,
930 1348 965 1407 ei
989 1361 1070 1406 mcx
1086 1362 1169 1407 rasa
1182 1361 1283 1406 aurea
1302 1341 1388 1405 assi-

295 1444 450 1509 duissimi
467 1465 547 1510 usus
562 1445 757 1510 conflaverit
770 1441 913 1509 ‘omnia
958 1443 1057 1510 Circa
1071 1444 1229 1509 libidines
1248 1443 1347 1506 haesit
1358 1448 1387 1520 ;ε

754 1625 859 1647 OOOOO
860 1625 932 1646 Μ

295 1745 343 1788 -5
361 1739 429 1788 Inter
441 1738 578 1788 Corinthios
594 1740 655 1788 Per.
665 1753 682 1788 s
698 1753 732 1790 nr.
745 1754 785 1802 pr.
795 1741 859 1790 'l'uns
875 1740 1024 1804 owse-cados
1037 1739 1093 1803 Cuj.
1106 1744 1132 1787 et
1147 1737 1387 1787 tudelionum

294 1804 374 1854 Polit.
392 1804 506 1852 Meo-c
521 1803 582 1853 Ales
601 1804 696 1853 Medic.
714 1808 740 1854 8.
752 1805 833 1855 Pelii.
850 1806 915 1855 Eun.
931 1806 1006 1856 iant.
1024 1805 1083 1852 Ald.
1094 1803 1155 1852 Bas.
1175 1801 1238 1862 Arg.
1260 1801 1315 1849 Col.
1327 1799 1389 1848 Seb·

295 1867 397 1932 Grypb.
409 1865 451 1917 ei.
463 1867 555 1918 Claud.
564 1884 588 1917 c.
599 1872 640 1918 83.
652 1869 694 1916 ubi
706 1869 797 1918 endem
806 1868 998 1918 diversitas-i
1016 1867 1177 1930 laoidisCuj·
1186 1864 1329 1915 etexriiea.
1338 1863 1387 1912 Ed.

295 1932 359 1996 Bas.
383 1931 446 1981 Mon
456 1932 587 1995 myrrirrnra
598 1933 702 1982 Momm·
713 1934 808 1984 Medic.
818 1935 884 1996 Cep.
897 1934 1012 1982 llarlem.
1023 1933 1071 1983 Ed.
1083 1933 1150 1980 ven.
1162 1935 1185 1980 l.
1201 1931 1306 1992 reliquae
1319 1929 1387 1990 ilyr-

295 1996 429 2046 sisiacum
442 1995 603 2046 eornvinc.
618 2001 642 2046 2.
656 1997 702 2047 sed
713 1998 942 2062 steph-Murem
965 1999 1045 2048 Fcrrc.
1055 2011 1113 2045 crim
1128 1995 1176 2045 Ed.
1187 1996 1277 2054 eamp.
1290 1993 1389 2042 Mitris.

297 2049 338 2110 vel
349 2059 465 2112 norrun.
491 2061 523 2110 ro
535 2062 613 2112 vnn.
625 2066 649 2112 1.
659 2062 845 2113 nusum-e
863 2062 1046 2126 raucacuj.
1066 2062 1136 2115 uera
1150 2059 1261 2124 11111111
1270 2057 1348 2107 vno.
1366 2061 1388 2106 ι.

781 2241 892 2293 NOTAE

295 2351 432 2402 dicendum
453 2355 559 2404 volnere
584 2355 737 2406 Corinthiaco
757 2371 822 2414 oon,
860 2369 912 2405 vu·
927 2354 960 2405 de
978 2353 1116 2405 Beneficiis
1129 2358 1190 2404 cb.
1207 2351 1386 2406 etMartialls‚

296 2429 338 2477 cni
356 2436 441 2478 tamen
456 2430 628 2480 observationi
646 2431 710 2480 Mes.
729 2433 822 2482 multo·
861 2430 956 2496 aliique
968 2432 1068 2494 passim.
1090 2429 1244 2493 Propertius
1255 2435 1340 2477 ismeu
1353 2426 1387 2475 E·

295 2518 352 2553 runt
372 2505 449 2553 libros
466 2519 518 2554 nou
531 2505 670 2556 convenire
688 2513 762 2556 notat
773 2507 823 2556 Ca·
860 2505 1012 2570 regnanti.
1023 2520 1061 2556 ιν.
1071 2505 1161 2555 fictilis
1170 2503 1248 2553 inisse
1258 2501 1388 2551 mnrrbins

296 2579 434 2628 sanbonns.
861 2597 922 2632 resa
932 2592 1025 2646 aperie
1043 2581 1156 2631 indicat:
1173 2581 1241 2629 ‘Sea
1257 2593 1317 2642 quse
1335 2577 1389 2640 pal·

328 2661 341 2688 ²
356 2653 589 2717 isierprsseripios]
617 2654 823 2719 Exemplcforte
860 2655 958 2707 mlieres
971 2652 1389 2714 mittsrrtsenalinTbebse‚Mnr-

296 2727 421 2778 Antonii:
445 2722 512 2778 idern
530 2731 562 2778 ‹le
582 2730 699 2793 Angusto
719 2746 823 2798 qrroqse
860 2731 1003 2796 rlresqnein
1014 2731 1117 2781 Parilis
1125 2730 1216 2795 pocula
1225 2736 1299 2778 rocta
1307 2727 1388 2778 lonlei

296 2804 419 2866 suspicati
429 2805 612 2855 srmtrPllnius
620 2807 687 2855 enlm
695 2807 822 2858 lirum.
859 2806 902 2856 Aa
922 2821 999 2871 quem
1019 2809 1105 2856 locum
1124 2806 1253 2869 insopitus
1273 2804 1390 2867 Scaliger

295 2895 319 2930 c.
341 2883 368 2928 1.
385 2879 559 2944 proscriptum
576 2881 610 2930 ab
626 2880 741 2932 Antonio
757 2884 822 2932 Ver·
860 2883 950 2933 eadem
961 2898 1019 2934 esse
1031 2883 1105 2944 dicit,
1116 2897 1175 2948 quae
1188 2898 1232 2932 nos
1243 2883 1388 2945 portellam

297 2969 349 3006 ram
362 2963 458 3016 nnrrat,
470 2969 519 3004 aon
532 2956 584 3006 slln
593 2955 627 3006 de
638 2971 718 3009 canas
727 2960 736 2987 ‘
746 2973 822 3024 quarn
860 2973 1047 3024 nuncupamur.
1081 2961 1116 3009 Et
1127 2959 1188 3022 jure
1199 2959 1307 3008 miratur
1319 2959 1389 3020 igno·

296 3030 365 3094 quod
376 3031 554 3082 Cerintiriisse
567 3032 590 3081 ei
601 3047 733 3084 cansarum
745 3049 823 3099 nege-
860 3041 913 3085 tem
931 3037 1019 3085 Plinio
1040 3037 1107 3086 huno
1131 3035 1264 3098 Propertii
1285 3036 1387 3084 loesm:

295 3105 394 3156 sisset.⁹
428 3107 492 3158 Qun
504 3106 654 3170 plurimsen
662 3109 824 3161 Siciliam.
860 3119 934 3162 certe
945 3110 1013 3162 idem
1024 3112 1065 3161 hic
1074 3123 1166 3164 sueeor
1176 3113 1221 3162 lib.
1239 3123 1352 3161 xxxvrr.
1364 3123 1390 3158 e.

217 3189 221 3198 ’
297 3195 338 3232 ras
355 3181 508 3248 abdunernt,
519 3193 549 3234 ut
559 3184 616 3234 inse
626 3183 720 3250 objicit
730 3187 823 3237 Cicero
859 3191 885 3237 ἱ.
892 3187 958 3236 dicit
969 3203 984 3237 o
994 3189 1130 3238 Carmania
1139 3188 1232 3237 sdvebi
1242 3187 1387 3236 murrbinsr

296 3259 322 3309 in
335 3260 463 3309 verrinis.
860 3279 911 3328 quo
924 3265 1058 3327 probabile
1073 3265 1111 3320 ut.
1124 3265 1255 3329 ignorasse
1267 3263 1388 3328 antiquos

327 3334 486 3385 brincam
497 3336 585 3400 nictu]
601 3335 669 3386 Vide
679 3351 823 3403 supramp·
859 3355 911 3405 qen
937 3343 1037 3392 ratiune
1064 3341 1158 3392 fierent
1181 3341 1322 3400 murrlrinn,
1342 3347 1389 3388 aot

297 3414 337 3463 1⁵·
346 3409 381 3461 de
392 3411 490 3474 duplici
499 3410 641 3474 nsuirsgio.
860 3417 921 3481 qnid
943 3417 1000 3481 ipsa
1017 3417 1086 3467 foret
1107 3417 1218 3466 murrha-
1251 3416 1302 3468 Qui
1319 3416 1387 3463 enim

328 3492 340 3518 ⁰
355 3485 482 3546 insanisse
491 3487 651 3551 isnpsdioiiin]
667 3486 740 3538 Illius
751 3503 823 3539 narn·
859 3497 975 3559 regiones
992 3497 1047 3546 illas
1067 3509 1246 3559 peragravere,
1264 3491 1389 3556 porcella·

297 3576 343 3627 ρο,
362 3575 415 3625 qno
433 3563 587 3624 prostitutus
604 3564 821 3616 existinsbslur:
859 3585 909 3620 nes
920 3571 976 3620 fieri
987 3581 1094 3622 narrant
1106 3575 1130 3622 in
1142 3573 1203 3622 Sina
1213 3585 1246 3619 ex
1258 3571 1311 3618 luto
1323 3582 1387 3631 quc·

296 3635 422 3688 refutavit
438 3645 523 3686 auimo
540 3637 591 3687 illis
608 3638 719 3702 legibus.
730 3641 823 3704 qulbus
860 3646 918 3695 ‹lsru
929 3647 989 3696 albo
1004 3649 1029 3696 ln
1046 3647 1193 3698 fornacibus
1210 3653 1296 3708 cocto,
1307 3656 1388 3706 appo·

295 3711 441 3778 hujusmodi
457 3713 599 3762 sceleribus
616 3728 706 3778 poenss
726 3717 822 3780 irroga·
860 3723 919 3784 aits,
929 3731 958 3773 nt
973 3733 1055 3788 parer,
1072 3725 1231 3774 adunantem
1247 3721 1394 3784 Propontis

296 3789 352 3852 bat,
362 3803 387 3840 c.
397 3794 437 3839 ai.
860 3797 952 3861 quibas
970 3808 1055 3848 tamen
1068 3800 1181 3849 viderint
1197 3813 1230 3847 on
1247 3813 1276 3846 es
1293 3809 1388 3844 conra-

326 3865 504 3916 lstfflil‘
514 3862 595 3927 W]
611 3865 728 3929 Supraa·
740 3871 779 3916 il·
860 3873 932 3924 uiant
950 3878 1045 3938 omnia,
1057 3891 1112 3941 quae
1131 3877 1164 3925 de
1182 3875 1320 3924 murrbinis
1340 3872 1386 3922 ibi·

327 3942 508 3991 ‘Manliana
528 3941 634 4004 1111111111]
662 3943 761 3993 Plinius
779 3945 822 3994 lib.
860 3948 919 4000 dem
929 3951 1010 4001 lssbet
1022 3953 1130 4002 Plinius.

296 4029 409 4067 xxxvrr.
422 4019 494 4067 varia
503 4019 695 4081 circsgernmss
704 4021 822 4069 conside·
890 4023 903 4057 f
917 4027 1073 4090 confisos-it]
1088 4028 1172 4091 Supra
1183 4039 1206 4074 c.
1218 4027 1259 4074 ⁵2.

296 4107 361 4152 raus,
376 4107 407 4142 sc
420 4095 563 4152 presertim
575 4107 599 4142 c.
612 4098 636 4143 2.
654 4095 686 4143 iis
700 4109 821 4147 annume-
892 4109 905 4145 s
922 4101 1016 4165 Hoesit]
1032 4104 1112 4154 Quasi
1122 4104 1153 4152 sd
1166 4102 1307 4163 scopulum.
1333 4099 1387 4148 Me·

296 4175 337 4217 rat
352 4167 490 4224 murrinam,
500 4178 527 4217 et
543 4170 673 4218 nsnrrhina
688 4186 758 4239 usse.
770 4186 821 4236 qna
861 4178 966 4240 tapbcrn
978 4187 1026 4239 est,
1038 4187 1066 4227 ut
1079 4177 1248 4242 parentinen
1258 4193 1274 4224 s
1286 4191 1312 4225 re
1324 4189 1387 4224 nau·

296 4251 382 4298 arante
397 4241 476 4292 fuisse
495 4243 598 4294 sidatnr
611 4252 639 4296 st
657 4245 760 4298 Seneca
774 4249 819 4298 lib.
861 4251 929 4304 ties:
941 4255 1132 4322 sicClceropro
1142 4254 1234 4306 Roscio
1245 4252 1311 4304 disis
1320 4251 1343 4298 :‘
1354 4265 1388 4300 ne
