3228 4926
654 459 852 512 ceruvrus.
1227 455 1287 522 291

200 603 261 666 eit:
277 605 309 664 et
322 604 436 664 tameo
456 599 632 666 nonnullas
655 604 874 670 commutarit
897 603 1100 673 interdum:¹
1124 615 1225 692 atque
1249 632 1291 680 ex

200 709 342 782 auoque
356 719 472 782 genere
487 701 666 784 pleraeque
681 703 808 786 sapius
830 705 925 772 adiit.
972 705 1113 775 Urbium
1128 712 1292 794 quasdam

199 802 390 878 foederatas,
413 801 474 864 aad
498 801 541 866 ad
565 803 726 866 exitium⁵
748 804 883 871 lieentia
904 810 1108 892 praecipites,
1137 813 1291 880 libertate

199 903 397 986 privavit:m
421 903 521 980 alias,
543 910 604 967 ant
624 923 691 968 tere
714 906 829 970 aliano
849 907 1037 975 laborantes
1058 913 1206 990 levavit‚⁶
1231 923 1291 980 ant

197 1009 293 1068 terrae
318 1007 412 1067 motu
432 1004 613 1070 subversas
631 1005 741 1072 denno
755 1008 915 1087 coadidit,
931 1019 992 1074 aut
1005 1013 1122 1076 merita
1136 1033 1213 1096 erga
1228 1035 1290 1098 po·

197 1103 315 1186 pulum
330 1103 543 1168 Βιιιιιιιιιιιιιι7
569 1105 772 1190 ειΙῙσιςιιιιοε,1
783 1108 962 1175 Latinitate
974 1120 988 1148 ¹²
1010 1113 1062 1175 vel
1078 1113 1214 1178 civitate
1229 1115 1290 1180 do-

195 1205 302 1270 narit.
345 1203 444 1269 Nec⁸
468 1210 531 1284 eet,
552 1211 591 1271 nt
611 1208 741 1290 opinor,
762 1211 947 1292 provincia,
961 1219 1108 1295 excepta
1120 1214 1290 1281 duntaxat

197 1303 315 1370 Africa
329 1309 363 1369 et
373 1303 555 1384 Sardinia?
568 1327 670 1391 qnam
681 1328 745 1374 non
756 1310 882 1376 adierit.
926 1311 968 1376 In
977 1312 1172 1396 haarugeto
1181 1314 1287 1382 Sexto

198 1403 388 1489 Pompeio,⁰
409 1406 559 1490 bajioere
582 1427 627 1472 ex
640 1408 757 1474 Sicilia
772 1415 987 1494 apparantem
1002 1414 1166 1478 mutinum
1179 1419 1215 1478 et
1228 1415 1288 1478 im-

197 1503 339 1572 modicae
369 1511 590 1592 tempestates
617 1507 839 1591 inhibuerunt,
869 1531 933 1578 nee
952 1531 1035 1578 mox
1062 1514 1201 1580 occasio
1230 1521 1289 1580 aut

656 1705 834 1728 mn

197 1845 301 1898 ciendar
309 1847 494 1911 roeetjadieat
503 1848 630 1900 Turn-b
646 1851 681 1902 Et
691 1853 750 1902 exit,
761 1851 840 1903 Vind.
850 1857 873 1904 1.
881 1853 913 1906 ad
922 1853 1014 1904 adare
1024 1852 1074 1904 Ed.
1086 1853 1160 1904 Rom.
1165 1867 1208 1918 pr.
1218 1863 1248 1906 nt
1259 1863 1287 1908 et

196 1911 317 1962 attat-u
328 1911 415 1962 Verba
426 1917 468 1962 aut
478 1927 520 1962 ar.
528 1915 561 1962 nl.
571 1916 589 1962 t.
600 1916 617 1964 l·
628 1913 721 1967 derum
732 1917 800 1966 Dan.
811 1917 868 1979 Cuj.
878 1918 921 1982 qui
933 1917 1026 1966 deinde
1036 1932 1064 1966 ce
1073 1923 1152 1978 terro,
1159 1932 1216 1967 enm
1226 1919 1286 1973 Pia.

196 1975 292 2026 Medic.
303 1975 408 2024 &Vota
421 1976 499 2026 Fouc.
532 1976 606 2027 Idem
626 1978 705 2030 babet
721 1981 782 2030 aliar
799 1985 935 2032 uatem-t
950 1982 1019 2042 Erpa
1036 1995 1085 2029 rem
1097 1982 1129 2028 P.
1140 1981 1173 2030 R.
1198 1983 1285 2034 Paria.

195 2039 434 2100 erumpnarum
442 2039 547 2089 Harlem
560 2039 627 2092 Edd.
636 2043 701 2092 Ven.
712 2049 745 2092 tr.
758 2044 825 2094 Bon.
836 2042 918 2108 Lngd.
927 2043 1001 2094 dunt.
1011 2043 1071 2094 Ald.
1081 2042 1144 2107 Arg.
1155 2044 1244 2108 Steph.
1257 2055 1285 2098 et

195 2103 281 2151 rnultae
291 2116 348 2163 erga
359 2103 389 2152 P.
401 2103 482 2152 R.—8
498 2101 542 2152 lta
551 2103 657 2156 Memor.
669 2106 734 2170 Cep.
747 2107 862 2158 Medicei
877 2107 955 2161 vind.
969 2108 1043 2156 vore.
1056 2107 1135 2157 Fene.
1147 2107 1207 2159 Pin.
1217 2109 1285 2161 Edd.

193 2165 269 2216 ,ΙιιιιιΙ
280 2163 339 2214 Ald.
352 2165 417 2228 Arg.
427 2167 594 2228 probantibnr
605 2169 701 2220 multia.
734 2168 777 2218 Ar.
793 2185 841 2220 noe
856 2175 901 2227 or,
919 2168 985 2234 qnod
1000 2177 1106 2220 terrant
1115 2171 1178 2220 Ver.
1189 2172 1283 2226 Pitiec.

194 2228 271 2278 ‘Hae
282 2229 454 2290 pertinentad
465 2231 600 2292 superiora
611 2233 690 2282 verba
698 2249 705 2282 t
713 2235 908 2296 atqueaplerarq.
917 2233 1109 2298 mirandaque
1118 2239 1283 2298 transponen-

194 2293 234 2350 da,
239 2292 367 2356 iudicarit
377 2293 456 2346 etiarn
464 2292 546 2344 btiilb’
561 2295 717 2360 Batora-⁹
726 2297 857 2348 Provincia
866 2311 938 2362 seqq.
949 2296 982 2346 ad
992 2295 1090 2348 Sardio.
1099 2297 1195 2348 omittit
1205 2299 1285 2350 vind.

683 2485 793 2538 NOTAE

193 2595 303 2660 duplici·
322 2597 423 2660 geneda
439 2596 626 2660 provinciarum
638 2595 717 2648 admi·
757 2603 797 2648 tae
813 2599 910 2662 populo
921 2599 1034 2662 Cyprum
1054 2598 1163 2649 lnrnlam
1182 2606 1209 2649 et
1219 2600 1281 2651 Gal·

193 2671 356 2729 nirtratorea,
373 2685 420 2736 pro
429 2671 528 2734 duplict
544 2673 656 2735 iprarnrn
673 2687 717 2736 pe·
756 2673 817 2722 liena
827 2673 1029 2736 Narbonensem,
1040 2680 1148 2737 recepte
1160 2674 1208 2724 ribi
1221 2676 1281 2723 Dal·

193 2759 276 2808 nere;
292 2747 350 2796 alire
362 2748 456 2810 quippe
468 2747 585 2807 enarre,
596 2747 653 2797 ellan
672 2761 717 2810 po·
756 2751 845 2801 matie.
875 2751 916 2800 Ex
928 2756 1038 2814 utroque
1050 2764 1144 2814 genere
1154 2750 1196 2800 blo
1206 2750 1281 2800 intel-

193 2821 248 2882 puti
272 2817 390 2884 suerunt,
414 2825 445 2870 ut
466 2819 548 2870 refert
559 2820 653 2870 Strabo
671 2821 716 2874 ΙΙΙ).
758 2824 811 2887 lige
826 2824 1044 2888 proooarutariam
1060 2824 1282 2886 etenneolerium,

192 2908 265 2949 urar.
273 2901 301 2946 et
310 2903 383 2959 patet
391 2893 439 2946 troc
452 2896 519 2946 leco.
538 2895 648 2946 Carraria
660 2909 718 2960 pro·
757 2899 903 2962 rtrepotlnr
911 2913 1013 2950 ιιιιιιιιιιι
1025 2905 1053 2948 et
1064 2898 1163 2963 populi:
1174 2895 1282 2950 fuerant

192 2971 293 3034 vineta,
318 2985 378 3035 qua
402 2977 431 3020 et
456 2969 616 3032 prasidiatee
639 2970 717 3022 dicte
756 2973 824 3025 eninr
832 2974 970 3036 prataria,
981 2976 1029 3022 tre.
1041 2974 1109 3038 qaod
1122 2980 1151 3024 et
1159 2974 1203 3024 elit
1212 2980 1282 3038 port·

191 3053 261 3107 enat,
269 3061 286 3096 a
303 3045 521 3108 procuratoribus,
532 3045 716 3110 contularibur,
756 3045 858 3096 modum
870 3044 965 3104 fecere,
976 3047 1003 3096 in
1017 3047 1145 3096 Claude.
1157 3051 1198 3098 bb.

191 3120 368 3184 praroritrqne
379 3119 650 3172 ririeadminirtratan:
668 3136 714 3186 po·
787 3129 805 3156 ¹¹
815 3121 938 3172 Libertate
945 3121 1063 3186 primuit]
1081 3121 1118 3170 Ut
1130 3119 1281 3183 Cyzicenor,

192 3195 253 3258 pule
263 3208 395 3260 rercqoaa
406 3195 547 3260 reliquerat
557 3197 713 3259 provincia,
753 3196 824 3261 qnod
842 3199 913 3246 eirea
941 3198 1070 3246 Romanor
1095 3195 1175 3257 rirgtr
1199 3208 1280 3246 eaeor

191 3269 317 3333 mebant
344 3269 449 3334 quidem
476 3271 624 3322 eoneatarer
656 3272 713 3328 viri,
753 3277 898 3328 necarent,
925 3275 1032 3319 auctora
1055 3269 1281 3321 Dionelib.n1v.

191 3344 275 3396 iuneti
283 3345 385 3396 aeitieet
393 3346 538 3409 contutatur,
548 3352 575 3395 et
586 3346 714 3410 praetorii,
753 3345 845 3410 quibua
873 3351 901 3394 et
922 3344 991 3394 illam
1019 3343 1144 3407 renituit,
1168 3344 1212 3394 lib.
1234 3357 1279 3396 nu.

191 3427 419 3485 praeoraqnoqne
431 3418 534 3480 fourth
548 3420 595 3470 red
612 3421 640 3483 ii,
658 3427 714 3472 tum
753 3419 822 3481 apud
844 3418 953 3470 eundem
984 3424 1126 3480 auctorem,
1151 3419 1278 3480 Sidonica,

190 3495 363 3559 obantiqnnrn
370 3495 619 3558 Kaipiana-emnam
630 3495 713 3544 ntdta·
753 3492 953 3555 Tyrrenum
972 3493 1043 3543 varia
1054 3493 1158 3544 delicta.
1191 3495 1278 3544 Terrae

191 3567 369 3631 tinguerentur
384 3583 401 3618 a
417 3570 528 3622 cuae·
542 3570 642 3633 legatie,
653 3584 714 3622 con·
753 3573 824 3616 motu
841 3567 938 3616 Tralles
959 3567 986 3616 in
1004 3567 1095 3630 Lydia,
1112 3575 1140 3618 et
1161 3569 1278 3631 plurime

191 3643 316 3694 artaribna
333 3644 444 3706 scilicet,
455 3651 482 3696 et
492 3645 592 3696 nonnisi
603 3658 713 3707 proeon·
754 3643 812 3694 alia
823 3642 1072 3707 eivitrterlncypro
1083 3643 1211 3694 subverte
1222 3643 1277 3694 ine-

190 3717 303 3772 rutenae
314 3724 486 3782 pmprutoree
502 3719 566 3770 dieti
582 3720 714 3782 repertun·
755 3724 823 3766 rant.

191 3800 244 3854 tor,
254 3792 297 3841 alii
310 3793 388 3844 etlam
405 3793 555 3858 quandoque
566 3793 646 3857 legati
658 3794 715 3844 Cre·
784 3800 796 3824 ¹²
813 3791 959 3854 Latinitate]
975 3790 1006 3841 ln
1016 3790 1033 3842 J
1037 3793 1071 3841 ol.
1088 3805 1112 3841 c.
1123 3796 1150 3841 Β.

190 3867 265 3927 eada,
280 3879 328 3928 pro
341 3870 453 3925 eonrola.
464 3883 512 3932 pro
523 3875 647 3930 pretore,
663 3871 713 3916 dre·
784 3874 796 3900 ⁰
812 3869 908 3930 Fugato
926 3866 999 3916 Sexto
1018 3864 1141 3928 Pompeio]
1162 3865 1205 3912 De
1227 3875 1277 3926 qno

187 3938 326 4003 dequibus
338 3941 387 3990 Dio
397 3942 443 3994 tib.
456 3953 518 3994 utu·
534 3949 562 3990 at
573 3941 641 3991 idem
650 3940 713 3992 ibid.
752 3956 830 4007 rupra
840 3958 900 4006 eap.
909 3946 935 3993 9.
943 3949 971 3990 et
983 3941 1009 3993 ln
1020 3940 1074 3992 Jol.
1101 3941 1163 3990 Mox
1174 3939 1215 3988 hic
1229 3952 1277 4000 pro

188 4013 331 4071 Strabone
341 4018 435 4078 partim
445 4016 632 4069 Jureoonsulti·
751 4022 851 4082 portea,
866 4025 895 4066 nt
907 4023 935 4066 et
945 4017 1037 4066 Cicero
1053 4021 1120 4066 oret.
1139 4020 1194 4078 port
1211 4013 1277 4064 redi·

220 4087 227 4122 ¹
255 4089 413 4146 emanarit
444 4092 575 4155 tundam]
608 4090 714 4142 Scilicet
752 4099 822 4142 turn:
846 4091 915 4142 ‘Qui
936 4091 963 4139 in
980 4088 1127 4138 nlclrcendo
1147 4089 1276 4139 remireior

190 4168 267 4225 prout
294 4178 356 4216 uena
384 4165 543 4228 postulabar,
564 4172 594 4215 nt
614 4165 714 4217 notarit
752 4167 811 4232 tuit,
820 4163 1123 4230 mexepertataudatar:

188 4238 297 4303 Strabo,
314 4243 403 4294 ettilo
416 4241 527 4294 tib-ntv.
541 4241 623 4292 refert
636 4240 713 4292 tradi-
