3228 4926
671 411 872 461 ocusvrus.
1248 401 1314 477 303

223 561 302 618 tuno
327 549 548 626 exulantem*
571 551 703 636 [logit3]
723 554 945 636 intonogutue
960 557 1056 638 [que]
1070 564 1097 595 ¹⁰
1128 557 1171 620 ab
1192 577 1245 634 eo,
1268 579 1313 624 uu

223 659 334 718 essent
358 653 417 716 ulii
432 653 604 734 digniores,
629 654 759 718 ‘Suum
776 665 960 738 quemquo¹
983 657 1147 742 judicium
1169 658 1315 735 tenore:

221 753 402 836 respoudit
448 753 522 818 Neo
536 755 614 820 ideo
639 757 775 823 libertus
791 761 850 820 eut
864 760 1075 827 contumacia
1085 769 1099 796 ¹
1112 759 1222 824 frondi
1243 761 1313 822 eui-

222 853 420 936 quamsutt.²
457 854 537 934 [bb]
551 856 660 920 Elium
675 873 815 938 speruus
833 856 876 919 dc
892 877 930 920 se
940 859 975 922 iu
991 858 1092 922 Curio
1107 859 1254 928 famosos
1273 859 1313 922 li·

221 953 327 1018 bellos
350 973 412 1018 neu
432 956 582 1036 expavit,
605 959 690 1020 uec³
716 973 835 1036 mogun
862 965 966 1020 curny
986 959 1171 1040 redarguite
1193 977 1244 1028 ee,
1270 976 1312 1020 ne

220 1053 390 1135 requisitis
402 1051 536 1134 quidem
552 1055 757 1132 auctoribus,
777 1055 812 1118 id
834 1055 935 1120 modo
951 1057 1091 1135 consuit,
1108 1075 1311 1139 coguoscen-

221 1152 301 1217 dum
316 1151 452 1234 posthae
467 1151 509 1216 do
524 1153 579 1226 iis,
591 1154 649 1236 qui
663 1153 795 1218 libellos
811 1162 871 1218 aut
885 1159 1054 1220 carmine*
1073 1157 1117 1220 ed
1139 1157 1313 1220 infamiam

222 1251 409 1334 euJ'uspium
434 1255 497 1318 sub
520 1253 631 1318 alieno
654 1255 836 1318 nominet⁸
859 1255 970 1320 edent.
1011 1256 1156 1322 loeissb
1178 1275 1318 1340 quoque

675 1449 853 1474 hommem

221 1571 266 1620 bet
275 1570 333 1619 Plu.
344 1570 432 1620 Meso
442 1570 471 1632 tl'·
482 1573 511 1621 et
522 1577 549 1620 et
559 1573 630 1634 elegit
641 1572 717 1622 vind.
726 1577 748 1622 l.
759 1574 915 1634 mittentem
922 1573 1043 1636 Guj.-ltl
1060 1571 1314 1636 interrogantibusque

221 1634 338 1684 Heriem.
349 1634 437 1684 Bnrm.
450 1636 554 1684 tolerari
566 1651 639 1698 porro
651 1637 771 1698 opinatur
782 1637 983 1699 interrogatique
999 1651 1030 1693 err
1046 1641 1130 1687 exest.
1158 1637 1220 1684 Mox
1231 1651 1314 1687 moen

220 1703 295 1746 ernest
308 1697 356 1752 Ed.
369 1699 458 1762 Stepb.
471 1700 604 1760 probatum
616 1701 698 1750 Scrir.
712 1708 740 1750 et
752 1701 814 1748 Ero.
832 1700 954 1762 conjecit
966 1699 1078 1748 Reitzius
1088 1703 1202 1749 urse—1
1222 1700 1309 1756 Quem-

219 1776 289 1823 guum
305 1761 382 1810 Vind.
399 1765 424 1814 i.
443 1761 507 1812 Turn
525 1779 555 1812 se
570 1765 622 1813 ideo
641 1763 748 1827 Cup-2
767 1764 956 1822 Costumsusdr'
974 1763 1035 1826 cuiq.
1051 1763 1127 1822 defuit
1144 1763 1223 1812 Fene.
1234 1763 1313 1822 defuit

220 1825 297 1874 ellern
308 1823 371 1874 deut
382 1825 480 1878 Medic.
494 1831 518 1876 2.
527 1829 595 1876 Duu.
607 1821 729 1877 Voss-t
747 1825 787 1876 Its
799 1828 871 1878 Ferr.
881 1829 924 1890 qul
936 1833 963 1875 et
975 1827 1072 1876 omittit
1087 1842 1124 1887 ue,
1135 1833 1162 1875 et
1173 1825 1310 1888 distinguit

219 1889 402 1951 portunetoeib.
420 1888 507 1939 Antea
517 1891 652 1953 legebatur
662 1897 790 1954 etmegrc,
799 1903 925 1939 consensu
937 1890 1001 1939 Mes.
1013 1900 1040 1939 et
1053 1889 1118 1938 Edu.
1131 1890 1204 1938 Veli·
1219 1889 1310 1939 Burni.

218 1951 1026 2068 ttllsfftbtllllttflttttltt⁰‘ttltitt‘t
1035 1951 1309 2076 rttllsltttlf

220 2091 269 2140 qrre
279 2077 354 2128 codd.
367 2086 394 2128 et
406 2079 472 2129 Edd.
504 2083 567 2130 Tum
578 2083 673 2131 ederent
687 2082 777 2142 Steplr.
794 2051 823 2131 οδ
838 2081 917 2130 Grut.
934 2094 948 2129 e
965 2080 1022 2129 cod.
1034 2051 1119 2128 Urdio.
1137 2029 1315 2127 dedidere-t.

218 2143 227 2167 ⁸
238 2141 304 2191 llere
315 2155 395 2206 unque
408 2143 441 2193 sd
450 2145 580 2195 intercessit
592 2158 650 2194 curn
666 2144 793 2209 superiori
809 2145 897 2208 cupite
908 2142 1038 2208 conjunxi,
1048 2155 1098 2206 quo
1117 2141 1248 2206 pertinere
1266 2154 1316 2204 ee„

708 2303 816 2358 nourr
921 2279 925 2286 '

250 2416 615 2480 'Lepidm-...emm
632 2417 740 2480 circeis,
780 2417 886 2468 Tacitus
916 2421 1048 2466 auctorem
1076 2412 1140 2464 t'ncit
1162 2412 1313 2477 Angustum-

217 2495 248 2538 ut
260 2503 371 2552 ruprsc.
383 2495 423 2539 lt.
782 2489 876 2540 Auusl.
893 2506 914 2542 ι.
941 2495 981 2540 li.
998 2488 1093 2552 ‘Apud
1116 2495 1217 2537 soteres
1238 2486 1311 2538 fecte

249 2571 263 2596 ¹
281 2564 444 2626 Goetunociu]
471 2565 582 2614 Videtur
601 2565 690 2615 referri
709 2565 741 2615 ed
781 2571 964 2634 urguebantur,
994 2569 1065 2619 dictu
1098 2567 1202 2630 impune
1224 2575 1308 2617 erent·

219 2638 375 2699 buteonem,
391 2638 459 2688 nude
478 2639 602 2688 ‘libertus
622 2640 699 2688 niuniu
715 2646 742 2689 et
781 2644 884 2695 Primus
911 2645 1044 2709 Augustus
1079 2641 1246 2706 questionem
1274 2641 1307 2690 de

219 2713 323 2762 recors’
343 2715 427 2763 Gellio
442 2715 547 2775 dicitnr,
564 2715 632 2779 quod
650 2715 742 2765 Sueto·
781 2719 885 2768 leuioris
915 2719 1019 2778 libeliis,
1042 2717 1130 2779 speeie
1155 2715 1218 2777 legis
1249 2715 1308 2778 ejus

219 2788 261 2836 nlo
280 2786 478 2839 ‘contemndo'
509 2790 561 2838 Vel
577 2792 655 2839 ellum
673 2790 742 2855 qnod
782 2791 924 2855 trectesit‚’
945 2796 995 2842 dic.
1027 2791 1080 2842 Sed
1101 2797 1128 2840 et
1148 2791 1197 2838 boe
1220 2790 1307 2852 potius

219 2861 328 2911 dicimus
338 2861 488 2924 opisidtrett.
781 2869 963 2932 intereaque
979 2881 1013 2916 ex
1028 2865 1183 2930 untiquiute
1201 2878 1308 2915 revees.

248 2945 259 2979 l
277 2937 329 2986 Nee
340 2938 505 3001 otmarum]
528 2937 572 2987 Sic
590 2939 741 2989 Torrentius
780 2943 834 2991 rit:
852 2957 909 2990 usur
926 2949 954 2990 et
972 2955 1072 3005 poeneur
1086 2939 1153 2989 benc
1165 2939 1225 2990 olins
1237 2941 1307 3003 cepi·

217 3012 244 3061 iu
265 3012 421 3061 Ferruriensi
438 3013 512 3076 legit,
530 3013 598 3078 quod
614 3015 669 3078 ipre
684 3030 740 3064 urn-
780 3017 858 3065 telem
879 3015 957 3066 iulrsc
982 3015 1088 3078 colliges
1116 3029 1149 3064 ex
1170 3014 1247 3063 'l'ullii
1273 3014 1307 3062 de

218 3086 294 3134 tionis
305 3092 442 3136 contextus
459 3087 635 3140 demonstret:
655 3091 698 3138 elii
715 3094 740 3139 et
779 3092 845 3154 Rep.
857 3090 938 3152 libris,
954 3096 982 3140 et
998 3105 1030 3139 ex
1051 3090 1086 3139 l).
1106 3087 1250 3152 Augustino
1260 3087 1308 3139 Ιίδ.

216 3173 304 3220 mugen
313 3173 369 3208 eure
376 3161 507 3222 redarguit
780 3179 810 3214 ιι.
822 3166 854 3214 de
866 3166 979 3215 Civitste
991 3163 1049 3213 Dei.
1075 3162 1147 3225 Lege
1159 3175 1213 3212 ιιι.
1225 3159 1307 3210 tebni.

249 3241 260 3268 ²
274 3235 375 3285 [ibelim
394 3241 436 3284 ost
455 3237 569 3302 commeo]
595 3237 654 3288 Huc
672 3239 738 3288 bend
779 3240 806 3288 ld
817 3247 929 3297 erutum,
941 3239 986 3286 sub
999 3249 1109 3300 persons
1122 3235 1248 3297 Scipionis
1260 3247 1306 3297 po·

217 3308 296 3359 dubie
313 3312 427 3373 respexit
444 3311 567 3360 Horatius
583 3312 637 3363 Set.
654 3317 677 3361 l.
695 3313 740 3362 lib.
779 3321 835 3362 tets
854 3321 899 3362 ‘et
910 3318 1005 3361 nostrus
1020 3311 1116 3377 (lnquit
1133 3309 1232 3374 Scipio)
1244 3323 1305 3360 con·

216 3399 248 3434 ιι.
268 3387 295 3434 iu
315 3384 375 3435 tine.
396 3385 439 3434 ‘Si
460 3387 526 3434 rnele
546 3385 692 3435 condiderit
712 3387 740 3436 in
780 3395 821 3436 tre
840 3391 880 3438 ll.
897 3387 1002 3449 lebuine,
1022 3400 1081 3435 cum
1098 3397 1250 3449 perpaucos
1263 3399 1305 3434 res

216 3475 290 3524 quem
308 3461 366 3524 quie
385 3459 507 3515 carmine,
522 3459 566 3522 jus
583 3467 622 3510 eet
639 3459 739 3511 Jndlci·
780 3461 866 3524 cupite
877 3461 1029 3517 esurissent,
1040 3459 1066 3508 in
1077 3458 1191 3508 blsbnnc
1202 3473 1304 3523 quoqne

215 3535 328 3600 uirique.l
360 3538 394 3585 Et
413 3534 492 3584 sosine
510 3537 587 3598 epist.
604 3541 627 3586 l.
646 3536 690 3586 lib.
707 3549 738 3586 ιι.
779 3535 943 3588 senciendum
965 3542 1134 3600 putaverunt,
1150 3535 1172 3584 ol
1188 3537 1243 3598 quis
1262 3549 1304 3585 oc-

218 3609 250 3658 ed
263 3611 413 3672 Augustum,
424 3611 431 3638 ⁸
441 3610 604 3660 Fescennina
617 3625 664 3674 per
672 3611 739 3661 buno
778 3616 919 3672 ceutsrset,
940 3610 996 3660 siue
1016 3623 1119 3660 cnruueu
1136 3609 1304 3672 condidisset,

217 3684 321 3732 inventu
340 3684 552 3734 licentiemorem
564 3685 688 3735 Versibus
704 3686 738 3734 ul·
777 3687 845 3751 quod
873 3686 1001 3736 iufamium
1021 3684 1120 3736 fuceret
1145 3684 1304 3748 flagitiumve

216 3759 297 3807 ternis
318 3759 457 3822 opprobrie
476 3761 573 3808 rustico
593 3759 669 3818 fudit,
688 3762 737 3810 &m
779 3760 872 3812 elteri!
904 3762 971 3810 Vide
991 3759 1303 3811 monterotundo

216 3836 308 3884 Donec
315 3834 369 3897 jum
380 3848 464 3883 saerus
475 3842 590 3898 opertum
600 3835 630 3883 lu
641 3833 737 3883 rebieru
778 3837 817 3885 bis
833 3835 913 3884 fusius
923 3849 998 3899 guum
1009 3835 1061 3884 elii.
1103 3835 1214 3885 Consule
1224 3834 1302 3884 etiam

216 3911 281 3959 serti
293 3911 465 3973 coepitium,
472 3915 499 3958 et
507 3924 553 3972 per
562 3910 684 3958 honestes
694 3909 738 3958 Ire
778 3909 924 3974 ingruente
934 3911 951 3958 Ι.
964 3922 1015 3958 ιιι.
1028 3909 1108 3960 tebni.
1119 3910 1161 3958 tlt.
1173 3913 1214 3959 ut.

215 3984 303 4034 domos
321 3986 425 4047 irupuue
442 3985 542 4034 minax:
562 3984 669 4032 doluere
682 3999 737 4034 crn-
808 3981 1303 4046 *Suomlmosomtoerlorreotemem

103 4107 114 4122 ,
215 4059 508 4117 entchutelscersiti,
522 4061 571 4109 dic.
605 4059 738 4123 Poeusque
778 4058 1231 4122 dotesocliorooeeomioe,quildeur
1243 4073 1302 4110 eer-

214 4137 277 4192 lcte.
292 4137 359 4186 mulo
376 4149 434 4200 qum
447 4135 527 4183 nollet
538 4134 649 4184 carmine
659 4136 738 4200 quen·
777 4149 818 4184 sus
831 4141 879 4184 est.
919 4135 972 4184 Sed
983 4134 1043 4198 quid
1055 4135 1075 4184 ri
1087 4133 1264 4198 intelligentur
1274 4135 1300 4186 bi

215 4225 290 4276 quoru
316 4211 452 4271 Describi‚’
474 4213 522 4262 &u
556 4211 637 4274 cnjus
655 4225 737 4274 perure
777 4207 939 4261 libollii‘slsis
956 4209 1100 4262 nominibus
1117 4217 1202 4261 certon
1221 4211 1302 4262 burni-
