3120 4926
601 441 808 490 rnsrsrrc.
899 449 903 462 ·
1208 431 1249 496 ιι

155 585 273 650 nitate.
319 581 416 647 Misit
434 580 522 646 euim
543 583 737 664 auspicanti
751 595 846 666 opos·
859 583 1041 650 editiom
1054 583 1248 652 casauboni
1363 567 1366 572 ¹

155 688 234 753 amri
250 685 345 750 ltill.
368 684 497 767 quaein
518 684 725 750 bibliotheca
739 685 871 751 Ciuensi
893 697 1056 766 servatur,
1081 689 1124 753 oh
1138 695 1247 766 notas,

155 808 176 853 a
202 788 334 852 Thoma
358 784 517 849 Reinesio
543 787 683 868 margini
707 789 884 870 ascriptas,
910 807 1050 871 quarum
1080 789 1248 873 specimen

155 887 460 954 observationibus
475 903 579 968 supra
592 888 787 951 memoratis
801 887 873 970 ipse
883 888 964 952 olim
975 889 1141 973 adjunxit
1162 889 1249 954 Sunt

153 1005 204 1054 ctu
218 989 401 1054 maximam
414 993 543 1070 partem
557 985 738 1062 historicae,
752 988 871 1069 partim
893 989 1033 1054 aliomm
1048 991 1247 1072 scriptorum

154 1091 263 1168 locos,
292 1089 412 1172 partim
440 1087 576 1152 Gruteri
605 1088 839 1170 inscriptiones
868 1091 1002 1172 aliaque
1032 1096 1248 1156 monumenta

153 1193 400 1272 comparantes,
423 1187 545 1270 quibus
566 1188 707 1270 posthac
732 1191 921 1254 accuratius
944 1191 1130 1273 exploratis
1150 1199 1185 1256 et
1203 1190 1248 1254 ad

154 1291 275 1358 Nostri
289 1287 591 1372 interpretationem
619 1288 778 1354 adhibitis
802 1309 991 1374 quanquam
1005 1291 1088 1356 nihil
1103 1290 1248 1368 detrahi-

152 1399 206 1458 tur
229 1390 452 1465 Reinesianis,
473 1389 527 1454 rel
551 1390 596 1453 ob
619 1389 728 1472 ipsam
754 1389 943 1456 doctissimi
964 1393 1025 1456 viri
1053 1391 1247 1458 memoriam

152 1491 295 1558 maximi
309 1489 525 1566 aestimandis,
549 1489 674 1554 iactum
696 1499 819 1569 tamen,
840 1498 882 1556 ut
894 1494 1053 1558 minorem
1067 1493 1147 1558 inda
1160 1491 1247 1557 sruc-

152 1605 222 1660 tum
239 1611 376 1674 carpere
391 1593 578 1674 potuerim
598 1611 707 1675 neque
721 1601 842 1671 tumen,
861 1611 937 1676 quae
952 1613 1039 1660 nora
1052 1603 1087 1658 et
1100 1593 1246 1676 singula

151 1696 202 1762 ria
228 1694 408 1760 licinanius
434 1691 575 1757 subinde
596 1691 830 1771 admonuisset,
846 1695 972 1776 ubique
986 1711 1245 1760 commemorare

151 1798 299 1880 neglexi.
344 1793 611 1859 Commonitorit
622 1793 848 1858 meconidem
859 1794 1024 1860 liliillarus
1037 1795 1093 1861 Jo.
1110 1793 1244 1860 Freder.

152 1899 278 1964 Beitnii
295 1897 423 1962 dictata
435 1895 469 1958 iu
485 1893 577 1958 Suet.
595 1891 781 1975 Augustum
796 1901 833 1959 et
847 1894 1028 1974 Tiberium,
1044 1915 1133 1960 anuo
1148 1897 1244 1962 175¹.

151 2001 284 2064 calamo
294 2005 451 2080 excepta,
467 2003 569 2078 atque
584 2001 678 2059 erunt
690 1995 843 2074 fortasse,
854 1996 912 2079 qui
924 1999 1016 2080 typis
1025 2016 1067 2062 ea
1076 1998 1247 2081 exscripta

151 2102 360 2167 maluissent.
403 2097 473 2162 Sed
495 2103 619 2179 praeter
640 2097 753 2162 nimiae
776 2097 981 2179 prolixitatis
1005 2095 1246 2162 immodestiae·

152 2223 217 2290 que
229 2222 307 2286 erga
320 2219 410 2278 eum,
423 2201 478 2264 oui
492 2217 589 2262 usum
605 2197 779 2272 debebam,
802 2202 925 2260 metum
943 2197 1012 2260 alia
1025 2215 1132 2280 noque
1145 2197 1245 2276 laris,

150 2311 307 2388 utputo,
333 2321 385 2366 me
408 2298 578 2384 prohibuit
601 2297 699 2362 ratio.
743 2297 798 2360 lix
822 2315 891 2378 quo
915 2297 1002 2360 enim
1024 2297 1146 2379 plnres,
1169 2315 1246 2381 quus

151 2407 275 2471 Batavi
291 2406 328 2470 in
342 2402 467 2469 scholis
482 2401 554 2464 suis
569 2397 745 2480 discipulis
761 2405 998 2482 exposuerant,
1022 2396 1118 2462 odere
1132 2417 1246 2482 cmpe-

149 2514 240 2585 runt,
264 2507 350 2571 satis
374 2509 520 2577 constat,
548 2519 616 2565 non
642 2519 718 2564 eum
739 2499 817 2564 inde
838 2499 1075 2564 eruditioribus
1100 2499 1244 2565 fructum

150 2610 356 2696 provenisse,
379 2607 439 2689 qui
459 2624 481 2668 a
501 2603 618 2668 talium
636 2601 864 2683 magistrorum
877 2600 1010 2664 nomine
1024 2605 1153 2682 poterat
1168 2619 1245 2684 spe·

148 2713 229 2789 rari,
253 2728 362 2793 neque
386 2707 422 2772 id
444 2705 526 2770 vitio
547 2701 740 2766 vertendum
765 2701 971 2782 gravissimis
992 2701 1083 2778 viris,
1104 2717 1181 2765 enm
1194 2701 1244 2766 illi

150 2813 336 2879 auditorum
350 2808 484 2892 ingenia
496 2807 705 2889 privateque
720 2801 939 2866 iustitutionis
955 2801 1135 2865 utilitatem
1147 2819 1244 2886 spec·

149 2917 272 2989 meent,
299 2910 452 2992 adeoque
476 2908 510 2971 in
532 2904 715 2971 levioribus
738 2921 842 2984 saepe,
867 2920 944 2984 qum
969 2901 1111 2982 ignorari
1132 2901 1243 2966 adhuc

148 3015 321 3090 videbant,
342 3011 573 3084 subsisterent,
589 3023 699 3090 neque
715 3003 750 3067 ln
765 3002 935 3085 publicum
951 3003 1086 3065 exitura
1099 3001 1172 3078 illa,
1185 3020 1243 3067 oo·

148 3119 306 3200 gimmnr.
349 3113 405 3178 Ita
429 3110 582 3176 Reitsius
603 3108 704 3172 etiam
729 3103 832 3167 modo
853 3103 990 3184 antiqua
1012 3101 1243 3168 Rornanorum

147 3219 306 3286 instituta
326 3215 485 3288 illustret,
506 3209 609 3275 modo
630 3225 727 3272 usum
749 3207 924 3270 verborum
940 3210 977 3266 et
991 3203 1242 3284 grammaticam

147 3318 382 3403 etymologiam
396 3314 543 3395 indagat,
553 3311 724 3393 multaque
733 3308 910 3380 immiscet,
922 3321 999 3385 qum
1015 3302 1093 3366 vira
1107 3301 1243 3383 quidam

145 3439 234 3486 voce
247 3419 327 3485 addi
342 3417 460 3494 solent,
477 3411 619 3479 editioni
632 3427 697 3472 non
712 3405 928 3470 conveniunt.
981 3401 1147 3480 Cetemm,
1163 3403 1241 3468 inde

146 3523 252 3588 etiarn
275 3521 368 3585 varia
388 3537 442 3582 me
463 3511 683 3586 desumsisse,
706 3525 783 3591 quse
806 3525 875 3590 prae
899 3505 1017 3570 ceteris
1039 3505 1241 3571 utiliavide·

145 3633 267 3702 rentur,
282 3623 423 3688 lectores
438 3616 568 3700 passim
581 3611 767 3686 inuenient;
789 3615 824 3672 et
838 3625 906 3690 quo
921 3605 1027 3690 major
1041 3607 1076 3670 in
1090 3605 1241 3684 legendis

144 3735 179 3791 et
203 3720 453 3808 perlustrandis,
476 3733 554 3799 quae
581 3714 616 3778 iu
647 3727 829 3796 paucorum
863 3715 991 3772 tuntum
1020 3713 1239 3788 compactum

146 3828 296 3903 veniunt,
318 3824 489 3906 voluptas,
507 3837 551 3883 eo
566 3815 720 3900 graviora
741 3811 840 3874 etiam
856 3809 898 3874 de
913 3827 1018 3892 opera
1034 3814 1148 3872 nostra
1161 3813 1241 3871 sunt

146 3931 265 3994 merita
278 3925 353 4002 viri,
367 3926 424 4007 qni
437 3917 568 3987 illorum
586 3933 684 3982 usum
700 3913 811 3988 nobis,
828 3918 863 3974 et
877 3909 935 3992 qui
950 3915 1089 3973 utuntur
1103 3909 1238 3987 nostris,

147 4028 426 4095 inviderenoluit.

189 4131 357 4198 Restabat
379 4127 499 4200 adbuc,
520 4129 560 4186 ut
581 4119 623 4183 de
641 4115 805 4198 glossario
819 4109 975 4194 quedam
989 4127 1237 4193 praemonerem.

148 4234 226 4312 Sed,
238 4231 397 4317 quoniam
413 4225 568 4292 librarius
583 4219 739 4306 precihus
753 4215 836 4280 meis
850 4213 916 4278 hoc
930 4211 1036 4291 dedit,
1047 4219 1085 4277 ut
1098 4213 1238 4278 seorsim
