3216 4918
300 413 365 477 tuo
750 426 781 471 o.
806 423 984 472 sunnonrr

298 573 424 640 relictis
440 569 558 634 Romae
574 587 678 634 uxore
693 574 729 632 et
743 567 825 647 filio,
842 568 1018 633 confestim
1033 565 1165 633 Ostiam
1189 567 1360 632 descendit
1371 577 1394 648 ;‘

300 694 342 738 no
354 673 457 738 verbo
469 671 602 756 quidem
619 673 776 756 cuiquam
793 671 1084 754 prosequentium·
1099 667 1237 747 reddito,
1251 690 1394 754 paucos·

300 775 384 861 quel¹
398 772 574 838 admodum
595 773 629 838 in
654 773 804 855 digressu
825 769 1066 837 exosculatus.b
1110 770 1268 854 [11.]·Ab
1294 770 1394 836 Ostia

298 883 412 941 oram⁹
434 873 629 956 Campaniae
653 874 790 956 legens,c
819 873 1044 938 imbecillitate
1053 871 1206 954 'Augusti
1230 875 1390 949 nuntiata,

296 979 435 1063 paulum
446 975 605 1043 substitit.
650 975 718 1040 Sed
731 976 994 1040 increbrescente
1007 983 1033 1013 ¹⁰
1053 993 1185 1039 rumore
1198 977 1306 1060 ·quasi
1320 985 1328 1014 ¹
1346 977 1390 1056 ad

298 1081 511 1145 occasionem
534 1077 668 1161 majoris
697 1079 769 1159 spei
792 1083 1059 1152 commoraretur,
1089 1083 1216 1140 tantum
1243 1096 1309 1141 non
1332 1079 1389 1141 ad-

198 1167 202 1174 ’
298 1184 401 1246 versis
427 1181 681 1262 tempestatibus
710 1179 868 1244 Rhodum
891 1180 1112 1259 enavigavit,²
1139 1179 1333 1243 amoenitate
1356 1187 1391 1244 et

297 1282 492 1348 salubritate
508 1281 669 1345 insulse⁴d
688 1281 759 1365 jain
775 1281 855 1345 inde
870 1289 1001 1364 captus,
1025 1300 1101 1345 cum
1118 1281 1161 1344 ad
1177 1300 1251 1344 eam
1267 1283 1310 1345 ab
1328 1281 1390 1346 Ar·

298 1385 408 1448 menia
422 1383 553 1448 rediens
568 1382 767 1464 appulisset.
814 1382 882 1446 Hic
897 1381 1040 1446 modicis
1060 1387 1233 1446 contentus
1248 1383 1389 1460 aedibus,

298 1506 360 1550 nee
375 1485 482 1550 multo
508 1485 636 1550 laxiore
651 1485 871 1563 suburbano:
894 1504 998 1566 genus
1023 1485 1101 1548 vitae
1132 1480 1255 1548 civilef
1274 1483 1390 1548 admo·

329 1694 343 1728 ⁶
363 1697 448 1746 Veram
458 1711 510 1746 cnnr
521 1698 591 1755 sarna
608 1699 770 1756 insolesceret,
787 1711 838 1745 euin
855 1695 980 1744 consistere
990 1697 1053 1743 retur
1061 1697 1092 1745 sd
1103 1696 1241 1757 minuam
1250 1692 1389 1743 ormnem

297 1759 392 1819 majoris
402 1761 581 1825 expectationis,
591 1761 701 1810 Ritodsrrn
712 1761 785 1810 escrit
790 1763 868 1820 ferme
880 1759 964 1808 inuitis
975 1759 1160 1822 tempestatibus.

756 1937 827 1958 uuo
831 1936 932 1957 ΙΝΙΙΟΙ

296 2074 345 2118 -8
362 2069 520 2118 Ραιισοηὶηε
548 2084 577 2118 ne
588 2068 655 2117 Edd.
666 2069 740 2120 Junt.
756 2069 816 2120 did.
835 2069 923 2132 saepti.
942 2068 1004 2132 Arg.
1028 2069 1097 2119 Dein
1110 2065 1308 2118 excusaturis
1321 2064 1390 2114 Ond.

297 2148 355 2182 cum
367 2135 456 2182 Burni.
470 2085 548 2183 iveti.
559 2149 605 2195 pro
617 2135 686 2197 rnlg.
704 2137 801 2184 mutat.
818 2135 929 2183 omnium
947 2135 1012 2182 Mas.
1023 2143 1050 2182 et
1063 2133 1128 2182 Edd.
1139 2133 1211 2182 Vett.
1224 2130 1388 2180 arrctoritste.

297 2202 346 2246 -9
361 2199 575 2247 delicatiorum
588 2198 702 2247 Harlern.
714 2208 739 2248 et
751 2201 791 2248 bic
808 2207 836 2247 et
851 2213 929 2260 supra
946 2199 1018 2247 Hort.
1038 2198 1153 2261 plerique
1172 2195 1253 2245 Codd.
1275 2202 1304 2244 et
1319 2192 1387 2242 ndu.

296 2260 359 2310 Mox
372 2263 515 2310 annuncia
525 2263 603 2311 Vind.
618 2266 639 2310 l.
660 2265 780 2326 paniolum
798 2263 870 2312 Cort.
883 2263 949 2311 Edd.
962 2263 1034 2310 Rom.
1047 2264 1109 2311 Vsu.
1122 2260 1192 2310 nied.
1205 2259 1279 2309 Cald.
1291 2259 1388 2307 Bon·—

297 2329 328 2373 1⁰
338 2326 424 2374 Burni.
436 2341 467 2374 ex
483 2325 596 2375 Heriem.
609 2328 673 2387 Cup.
683 2334 710 2376 st
723 2328 789 2376 Eud.
801 2327 1022 2390 Carnabpriorib.
1034 2327 1164 2375 revocavit
1176 2325 1318 2382 sedetiam.
1336 2321 1389 2383 nr·

296 2389 379 2502 mit
385 2391 508 2504 ggplrlrlssm
520 2390 684 2503 ξςίιηιῖἰηᾲ.
697 2391 773 2511 1¹.de
785 2405 1001 2504 ουρετῦῃοέοὲιιὲι
1010 2391 1131 2504 Ῑιιᾱίοιὲῑ
1140 2387 1388 2510 Tortlguphgnzi

368 2468 382 2502 e
420 2469 518 2504 ‚aen
540 2469 697 2505 cameran-
756 2471 845 2504 unmru
879 2471 931 2504 ιιι.
961 2491 966 2504 .
1002 2469 1087 2503 urm-e
1120 2468 1195 2503 o.m
1257 2468 1271 2499 a
1340 2487 1344 2496 .

293 2531 352 2566 com.
378 2519 455 2582 Vuis.
467 2517 612 2569 defenduut
624 2518 692 2569 Ond.
704 2521 765 2571 Ero.
778 2521 937 2583 Baumg.-2
949 2519 1041 2581 Nanig.
1054 2469 1168 2569 Vindpt.
1191 2517 1258 2566 'lum
1269 2517 1322 2565 inde
1333 2528 1387 2575 rop-

788 2696 894 2747 NOTAE

325 2812 336 2837 ¹
353 2807 446 2874 Qrtiom
456 2805 587 2870 descendit]
604 2807 672 2856 Urbs
691 2815 730 2856 est
750 2808 818 2872 ejus·
859 2807 1002 2869 Pindarus,
1014 2807 1047 2856 de
1066 2814 1161 2871 quaet
1182 2805 1306 2856 Horatius
1327 2803 1385 2855 Ode

292 2880 352 2928 dean
364 2881 500 2928 etiamnum
512 2881 587 2930 bodie
604 2881 724 2943 nominis,
735 2882 767 2931 ad
780 2897 819 2932 os·
858 2885 883 2932 i.
895 2883 939 2931 lib.
953 2896 971 2930 r.
990 2883 1085 2931 Strabo
1095 2883 1140 2933 lib.
1152 2895 1211 2932 xiv.
1229 2880 1385 2930 Rhodiorum

294 2955 329 3004 tia
339 2954 469 3004 Tiberina.
860 2956 948 3006 urbem
960 2958 1077 3006 omuibus
1085 2958 1142 3008 aliis
1152 2957 1296 3020 anteponit.
1305 2963 1332 3006 et
1344 2969 1385 3004 se·

324 3031 560 3093 ⁸Prosepnentium]
592 3032 632 3080 De
659 3033 707 3082 boc
733 3049 819 3096 prose·
858 3033 941 3080 cessni
962 3034 1118 3096 aptissimam
1138 3041 1214 3084 antea
1232 3035 1387 3084 censuerunt

291 3106 386 3169 queudi
398 3107 565 3168 Magistratus
583 3107 708 3158 abeuntes
725 3108 818 3174 officio,
859 3115 886 3156 et
897 3109 949 3170 alii,
964 3117 993 3158 ut
1008 3109 1105 3159 docent
1122 3112 1197 3160 Bruti
1213 3119 1241 3160 et
1258 3109 1336 3160 Mutii
1353 3108 1385 3158 ad

293 3197 371 3246 snpra
383 3183 407 3231 iu
419 3181 489 3232 Julio
501 3198 525 3233 c.
537 3188 577 3233 71.
590 3191 616 3234 rt
627 3185 695 3234 alibi.
858 3184 1010 3234 Ciceronem
1023 3185 1157 3250 Epistola,
1168 3201 1275 3252 qrronurn
1288 3192 1386 3248 pestre-

325 3257 336 3291 l
356 3259 512 3306 Exosculatus
531 3257 670 3322 [omiss]
687 3260 748 3309 Tam
767 3259 817 3311 ire·
859 3273 923 3320 mus,
939 3261 1026 3310 ‘Mihi
1042 3261 1164 3325 quidem,'
1182 3263 1229 3324 ait,
1245 3262 1284 3310 ‘si
1295 3267 1387 3323 optata

292 3332 399 3395 quantis
410 3341 484 3381 erant
499 3333 567 3395 apud
586 3335 710 3384 Romanos
722 3338 818 3400 oscula,
857 3336 1008 3400 contingant
1028 3337 1096 3400 quod
1118 3337 1243 3401 reliquum
1260 3344 1299 3385 est
1315 3335 1386 3388 rita,

292 3407 416 3456 utobsios
425 3407 499 3456 modo
506 3409 556 3456 leri
564 3407 738 3460 familiaritate
742 3411 818 3474 juuc·
856 3409 882 3457 io
895 3411 949 3459 otio
962 3411 1044 3460 Rhodi
1055 3411 1165 3475 degam?
1180 3411 1286 3460 Libat.
1299 3409 1383 3471 Epist.

293 3489 334 3531 tos
346 3482 536 3545 oscularentur,
547 3495 576 3532 ac
589 3484 747 3545 potissimum
761 3500 817 3547 per·
857 3489 898 3534 28.
910 3486 936 3535 iu
947 3485 1008 3535 fine.

292 3569 355 3620 egre
377 3556 580 3620 proficiscentes,
602 3563 632 3607 nt
657 3561 733 3608 ctiam
760 3561 818 3624 iege
890 3562 1067 3626 essartare]
1089 3563 1147 3614 Hoc
1164 3569 1204 3611 est
1223 3561 1383 3624 oblaquees

291 3631 414 3695 perrutsrt
434 3631 553 3680 Tiberius
571 3633 672 3682 modum
692 3634 753 3697 ipsis
773 3651 818 3698 po·
858 3650 939 3700 prope
950 3638 1083 3688 civitatem
1094 3645 1202 3689 emerat.
1218 3635 1318 3686 Videin
1329 3636 1385 3686 Au·

293 3708 384 3768 suerit,
396 3715 426 3757 ut
437 3704 505 3755 inira
516 3722 573 3770 cap.
585 3713 626 3759 ut.
660 3710 764 3773 Dejure
776 3727 816 3761 os·
858 3719 933 3774 gusto
945 3726 1004 3776 cap.
1015 3719 1039 3764 6.

292 3784 417 3838 colorum,
428 3782 603 3834 claudenti.
888 3785 897 3820 ¹
914 3788 996 3838 Genus
1006 3791 1063 3839 nito
1071 3789 1153 3852 cisiis]
1174 3789 1274 3839 Privati
1283 3795 1312 3838 et
1320 3789 1384 3838 ciris

322 3857 452 3920 ⁰1⁴ng
470 3858 511 3908 Da
529 3858 576 3907 boc
597 3859 676 3909 serbo
696 3875 772 3923 snpra
790 3861 815 3909 iu
856 3863 946 3927 instar,
959 3870 1049 3929 utpote
1070 3865 1282 3931 qui,'l'ribunicia
1297 3872 1383 3929 potes·

292 3919 412 3983 Aulum
424 3937 447 3972 θ·
460 3925 499 3973 ¹⁶·
857 3945 911 3988 tate
924 3941 985 3990 licet
1002 3950 1152 4006 exornatus,
1166 3943 1270 3992 lictores
1288 3947 1383 4001 taruco,

322 4004 335 4038 ⁴
352 4008 542 4059 Amnon...
553 4008 662 4073 micaelo]
695 4011 760 4063 Quae
783 4012 816 4062 alr
856 4019 883 4064 et
895 4015 945 4064 alia
961 4017 1067 4066 Romani
1084 4017 1254 4080 Magistratus
1266 4015 1385 4077 insignia,

292 4079 348 4128 niiis
371 4097 471 4147 qnoque
493 4085 602 4148 antiquis
624 4087 729 4136 multum
748 4103 816 4138 com·
856 4103 907 4138 non
928 4090 1043 4143 baberet.
1077 4093 1120 4142 De
1143 4093 1268 4142 civilitate
1285 4092 1311 4141 iu
1331 4090 1383 4139 Au-

292 4155 457 4207 mendatsest
468 4172 474 4206 r
486 4159 738 4210 ideoSolisacrstarn
747 4162 815 4212 illurn
855 4171 930 4225 gusto
940 4180 964 4214 c.
976 4171 1015 4215 tu.
1028 4175 1055 4218 at
1066 4167 1132 4218 inira
1143 4182 1193 4217 non
1209 4168 1298 4230 semel,
1313 4174 1340 4216 et
1357 4165 1382 4213 in

289 4226 538 4292 arcensarcens·
556 4249 618 4284 auro
635 4236 730 4301 pluisse
744 4241 815 4288 csuit
854 4237 924 4290 Julio
935 4255 957 4290 c.
970 4245 1010 4290 un.
