3208 4918
302 403 369 468 384
734 414 765 460 0.
789 409 970 459 SUETONll

306 566 357 625 est
379 577 401 621 a
423 555 674 621 sacerdotibus:
698 551 801 634 quod,
826 550 1060 636 infnsonsuper
1085 548 1206 613 altaria
1227 555 1253 584 ¹⁰
1297 565 1400 623 mero,

305 667 434 726 tontum
448 659 591 736 flammae
606 653 809 729 emicuisset,
824 657 862 716 ut
883 669 1098 734 supergressa
1122 648 1294 730 fastigium
1317 655 1402 711 tem·

306 760 356 843 pli
371 759 413 824 od
427 759 551 825 coelum
566 775 670 840 usque
684 755 845 832 ferretum
861 753 984 836 unique
1000 751 1130 834 [olim]¹
1149 750 1285 814 omnino
1301 748 1402 830 Mug-

305 881 349 926 no
359 859 563 932 Alexandro,
576 855 667 940 apud
685 855 819 920 easdem
831 873 907 917 aras
923 853 1138 929 sacrificanti,
1153 850 1263 914 simile
1279 867 1402 931 prove-

306 963 413 1026 nisset
442 965 615 1025 oetentum.
659 956 773 1040 Atque
798 957 897 1020 etium
925 955 1114 1038 insequenti
1138 952 1248 1016 stetim
1277 957 1400 1014 nocte²

307 1062 420 1127 videre
446 1062 540 1124 visus
560 1067 610 1124 est
633 1059 738 1122 filium
765 1057 898 1121 mortali
924 1058 1056 1139 specie³
1084 1053 1292 1135 ampliorem,
1321 1069 1398 1114 curu

306 1163 443 1226 fulmine
465 1169 497 1226 et
520 1167 664 1243 sceptro,
678 1158 998 1240 exuviisque‘lovis
1023 1156 1151 1240 Optimi
1166 1153 1337 1230 Maximi:
1357 1171 1398 1216 ac

308 1262 436 1328 radiata
450 1281 586 1338 corona,
604 1279 703 1342 super
717 1261 903 1323 laureatum
919 1267 938 1294 '¹
952 1263 1114 1335 currum,⁴
1130 1255 1288 1321 bissenis
1303 1255 1399 1337 equis

308 1364 451 1429 candore
472 1363 617 1426 eximio¹
640 1360 854 1425 trahentibus,
897 1359 1011 1424 Infuns
1034 1358 1153 1435 adbuc,
1178 1362 1215 1421 ut
1235 1356 1399 1438 scriptum

765 1553 943 1576 “molllm

309 1686 458 1738 0ud.adl1.
470 1687 553 1735 l.-lt)
569 1686 651 1736 Alteri
668 1686 863 1736 uxamae-1
885 1687 978 1750 Unique
995 1685 1057 1734 amat
1069 1684 1160 1746 Magno
1175 1684 1281 1733 Momm.
1295 1689 1322 1732 et
1339 1679 1401 1732 inde

309 1753 372 1813 legit
384 1752 463 1800 Salm.
474 1750 600 1824 probante
612 1751 698 1799 Grau.
709 1749 796 1813 unique
804 1752 859 1799 olim
870 1752 970 1813 Magno.
1003 1749 1033 1826 ln
1045 1749 1143 1799 Medic.
1153 1753 1176 1797 l.
1189 1752 1214 1798 ³.
1226 1749 1292 1810 Cop.
1303 1748 1402 1822 olimque

308 1823 518 1928 {limittit
531 1814 969 1929 uttffat²ul²uidtlt:lz
982 1813 1401 1926 l:?l.²2·l⁰lful¹¹ut¹utf

308 1944 418 2006 ideoque
429 1941 527 1990 uncinis
545 1941 678 1990 inclusum.
712 1942 777 1990 cod.
789 1942 868 1991 Polit.
884 1943 963 1991 babet
979 1941 1077 2003 olbnque
1092 1940 1133 1988 uui
1150 1941 1251 1989 omuino.
1286 1938 1361 1987 Vind.
1376 1942 1400 1986 l.

309 2008 452 2070 Magnoque.
470 2005 533 2053 Mox
549 2005 676 2068 perventu.
692 2005 778 2054 Perir-
789 2006 861 2056 Cort.
878 2006 944 2057 Edd.
961 2006 1086 2054 Rom—2
1099 2006 1109 2034 ¹
1124 2003 1193 2052 Dedi
1210 2004 1284 2066 inaeq-
1297 2008 1329 2051 ut.
1339 2008 1401 2051 root.

310 2086 356 2134 pro
366 2085 415 2132 req.
426 2075 488 2117 aaut·
497 2073 555 2116 atet.
568 2069 601 2116 ob
612 2067 774 2129 frequentem
788 2085 860 2119 urum
871 2071 938 2119 illiue
951 2069 1023 2117 verbi
1040 2067 1107 2130 apud
1120 2069 1194 2117 Suet.
1213 2077 1241 2117 et
1252 2067 1334 2114 ordin.
1344 2080 1401 2114 rer·

309 2135 399 2184 borum
420 2131 626 2182 concinniorem·¹
639 2133 742 2194 Boumg.
768 2135 805 2184 St.
817 2139 880 2183 noct.
896 2133 1011 2197 praebent
1030 2141 1083 2181 tre·
1100 2129 1199 2181 Medio.
1219 2131 1284 2194 Cep.
1297 2131 1402 2178 Momm.

309 2200 368 2262 Cuj.
381 2196 455 2246 lluln.
466 2196 521 2261 (qui
532 2201 637 2258 aequent.
649 2210 700 2244 nou
711 2198 803 2263 babet)
814 2199 888 2247 Von.
903 2199 981 2247 Fouc.
998 2197 1068 2246 Duu.
1102 2195 1134 2244 lu
1150 2196 1226 2244 nnieo
1237 2195 1316 2243 Vind.
1328 2199 1353 2242 2.
1365 2195 1401 2243 in·

308 2262 470 2326 sequenti-3
488 2261 541 2308 Pro
559 2259 635 2323 speeie
652 2261 731 2309 Fouc.
747 2276 820 2326 ιμιιιι.
852 2262 935 2311 Deest
953 2266 976 2310 et
996 2258 1231 2321 auterrept.Polit.
1264 2258 1331 2306 Dein
1349 2258 1401 2307 eei·

308 2328 407 2388 miiuque
418 2326 493 2373 Huln.
504 2323 571 2373 Edd.
588 2324 678 2386 Camp.
689 2325 755 2374 Veu.
770 2332 791 2375 l.
802 2326 951 2388 excubiisque
962 2325 1090 2373 Veu.-d
1107 2323 1225 2384 Cuperur
1237 2323 1262 2370 ln
1274 2322 1357 2384 Epint.
1369 2323 1401 2369 ad

310 2391 401 2440 Helm.
413 2388 525 2438 malebut
541 2404 569 2436 ue
580 2402 600 2437 r.
612 2403 633 2436 c.
649 2403 718 2450 super
731 2391 859 2440 laureatum
885 2391 925 2437 vel
944 2385 1211 2450 tauream)deeuratum
1226 2399 1276 2434 cur.
1309 2385 1401 2436 Heinr-

309 2457 440 2503 luureutom
457 2451 592 2514 probabat,
603 2450 647 2498 red
666 2455 772 2502 deuurut.
784 2389 941 2514 superdeum
958 2450 1107 2514 judicabat.
1142 2452 1230 2499 Burru.
1254 2449 1337 2510 placet
1353 2463 1402 2498 cor.

309 2517 441 2578 superbum,
458 2521 566 2562 auratum
585 2529 634 2563 eur.
651 2516 701 2570 vel,
714 2516 875 2580 transponitis
885 2517 977 2571 uerbis,
992 2518 1047 2565 rod.
1062 2528 1109 2588 eeu.
1125 2529 1154 2562 ue
1169 2515 1269 2561 laurent.
1285 2527 1335 2574 nup.
1352 2525 1403 2561 cur.

311 2580 419 2640 Optima
431 2578 576 2626 emendatio
588 2578 697 2638 Baumq.
716 2581 828 2640 videtur,
840 2594 897 2644 quae
908 2581 966 2628 cod.
988 2579 1047 2628 Um.
1060 2580 1159 2654 ¹¹⁵.'.¹¹⁰'t
1168 2591 1221 2640 nup.
1233 2579 1401 2652 (lequuntur.

310 2643 419 2709 probata
435 2642 467 2718 ab
484 2642 548 2691 Era.
565 2641 665 2690 ltulrulr.
679 2642 755 2693 Wolf.
773 2645 842 2694 Ond.
859 2642 987 2706 quomodo
1005 2645 1038 2693 ab
1057 2644 1201 2692 ulmenam
1220 2642 1281 2704 legi,
1293 2649 1402 2690 tentatus

802 2803 907 2854 Norat

310 2929 413 2979 semper
432 2915 547 2965 habitum
565 2914 674 2966 flamme
693 2918 837 2981 augurium,
876 2925 917 2967 ter
926 2919 1057 2968 cautorem
1067 2927 1093 2968 et
1102 2919 1236 2970 Pollucem
1245 2919 1402 2968 adorandum

310 2999 427 3056 utsupra
438 3006 496 3054 nup.
507 2997 548 3041 oo.
559 2992 592 3042 de
602 2993 750 3043 Saluidieno
762 3001 836 3043 uota·
876 2994 1090 3056 praeberet,iufra
1099 2997 1124 3043 iu
1132 2995 1216 3058 Caliq.
1227 2998 1301 3045 ead.
1312 2995 1402 3043 innuit.

311 3076 374 3127 tum,
384 3075 411 3114 et
423 3065 490 3116 infra
500 3067 591 3117 l'iber.
603 3082 627 3116 e.
638 3073 662 3118 6.
674 3077 700 3116 et
711 3072 750 3116 ll.
877 3069 978 3126 Plinius
990 3070 1015 3116 iu
1025 3071 1152 3132 panegyr.
1169 3077 1176 3098 ⁶
1188 3069 1231 3117 llll
1248 3069 1402 3132 jamdudum

343 3148 354 3174 v
370 3141 515 3204 Euuoiirque
524 3143 594 3192 Jooir
607 3143 665 3206 Opt.
686 3141 767 3206 Mum]
784 3141 835 3193 Ee
876 3144 1003 3194 radiatum
1016 3153 1096 3208 eaput
1107 3153 1135 3195 et
1156 3144 1241 3195 medin
1257 3148 1328 3194 inter
1343 3145 1404 3194 deor

311 3223 371 3267 runt
383 3225 478 3278 prater
489 3216 584 3268 tulmen
600 3227 628 3267 et
639 3226 780 3280 sceptrum,
797 3227 835 3266 to·
878 3219 973 3280 nedea'
982 3224 1031 3271 tre.
1065 3223 1100 3272 Et
1110 3221 1230 3270 Lucanur
1241 3220 1286 3270 lib.
1298 3233 1359 3269 uur.
1372 3220 1403 3268 de

309 3305 343 3354 ,ga
352 3299 490 3355 pretextu,
501 3294 586 3342 tunica
594 3294 706 3356 palmata
714 3301 739 3341 et
749 3294 836 3355 picta:
877 3295 1014 3357 Pompeio,
1025 3298 1032 3326 ‘
1043 3297 1201 3345 Fulminibus
1213 3309 1301 3344 manea
1315 3295 1405 3344 radiis·

311 3379 369 3430 quea
379 3371 487 3429 utraque
508 3369 677 3431 triumphalis.
710 3369 779 3418 Hinc
791 3369 837 3418 Ju·
877 3385 927 3434 que
948 3373 1051 3420 ornabis
1062 3381 1088 3419 et
1106 3371 1202 3434 ustria,'
1213 3379 1241 3419 et
1252 3371 1341 3420 l'loruu
1357 3371 1403 3419 lib.

311 3439 408 3489 venalis
418 3441 494 3490 Sutir.
505 3455 531 3490 x.
543 3447 629 3491 unus.
640 3445 647 3470 ¹
657 3443 689 3492 ln
699 3443 837 3493 laniculo·
878 3458 915 3494 ιι.
928 3460 951 3496 c.
963 3451 988 3495 2.
998 3449 1046 3494 &a
1059 3446 1172 3497 Deorum
1190 3448 1257 3495 euim
1276 3446 1317 3494 bic
1336 3459 1404 3508 prae·

311 3515 350 3563 viu
373 3522 400 3562 et
423 3515 499 3577 pictor
522 3516 632 3566 Sarrana
651 3515 777 3566 ferentem
796 3519 837 3566 Ex
877 3520 966 3568 sertim
979 3528 1092 3568 ornatur.

310 3589 837 3657 humerisuulaeatoge,nnanequecoro·
909 3601 924 3626 '¹
942 3593 1099 3656 sturmium]
1129 3596 1205 3646 Lauri
1230 3597 1305 3646 ramis
1332 3610 1405 3646 orna·

310 3663 836 3731 rrae'l'untumorbemquantoeeruixuou
877 3673 941 3728 tum,
965 3683 1022 3732 qum
1056 3669 1132 3720 arbor
1166 3672 1350 3735 triumphorum
1377 3679 1406 3720 et

311 3737 407 3788 sufficit
436 3739 506 3798 ulla,’
525 3744 575 3790 dre.
617 3742 657 3790 De
679 3743 726 3792 boe
748 3742 836 3792 babitu
878 3745 1090 3808 triumphantium
1110 3745 1219 3810 iurique.
1251 3749 1353 3812 Legunt
1364 3748 1408 3796 ulii

264 3885 267 3890 Ι
311 3813 459 3877 triumphali
471 3815 557 3863 Lirim
569 3830 670 3880 qnoque
686 3817 729 3865 lib.
747 3830 774 3867 x.
791 3817 837 3866 de·
877 3819 1023 3883 deauratum,
1041 3820 1111 3885 quod
1130 3834 1220 3871 currus
1239 3822 1406 3885 triumphale·

311 3889 368 3938 eud.
382 3896 404 3938 l.
414 3897 440 3938 et
454 3890 615 3951 Lampridius
628 3892 653 3940 in
671 3893 777 3952 Severo.
787 3896 837 3944 dre.
878 3909 942 3943 atrro
953 3895 1080 3945 bracteati
1090 3894 1187 3947 forent.

311 3963 438 4013 Coronam
451 3966 575 4016 radiatam
587 3967 703 4030 intellige
712 3967 837 4017 circulum
910 3975 922 4001 ⁸
940 3971 1046 4020 Candore
1056 3969 1154 4036 eximio]
1166 3971 1345 4036 Triumphauti
1358 3972 1407 4021 Ca·

312 4041 440 4099 quendum
461 4042 599 4106 radiorum,
625 4054 676 4106 quo
694 4043 837 4093 circumda·
877 4045 947 4094 millo
964 4047 1029 4094 tuleu
1049 4045 1161 4102 fuerunt,
1179 4047 1247 4112 qnod
1260 4056 1288 4098 et
1305 4049 1331 4098 in
1348 4047 1406 4096 reli·

313 4120 366 4160 tum
389 4121 469 4178 eaput
490 4131 555 4180 eure,
576 4133 626 4182 quo
648 4117 726 4166 etium
747 4119 837 4168 babitu
877 4119 977 4180 pionem
990 4127 1102 4170 tractum
1123 4121 1190 4172 dicit
1207 4123 1294 4172 Livius
1314 4123 1358 4172 lib.
1379 4137 1405 4172 v.

294 4183 391 4238 'fuine
403 4191 544 4255 Caligulem
555 4207 613 4243 cum
624 4207 652 4264 ae
667 4193 780 4244 medium
799 4194 836 4243 in·
875 4194 934 4266 dec.
951 4199 973 4246 l.
987 4196 1054 4260 quod
1071 4195 1132 4250 lori
1148 4205 1176 4247 et
1193 4195 1309 4260 Apollini
1327 4196 1406 4264 equi·
