3208 4918
297 391 363 456 390
726 398 757 444 c.
779 393 958 444 suurourr

297 567 382 632 puro
404 563 530 620 sereno,
545 539 710 606 circulus*
734 538 776 602 ud
806 537 954 620 speciem
982 531 1134 599 coeleslis
1156 549 1255 596 arcus
1276 530 1390 594 orbem

298 648 379 712 solis
402 645 540 709 ambiit:
563 662 604 706 ac
618 638 777 704 subinde*
798 637 821 703 J
826 638 913 713 uliae,
930 635 1077 700 Caesaris
1092 634 1182 710 filiae,
1198 649 1392 696 mouumen-

297 755 391 813 lumv
408 747 544 810 fulmine
570 745 676 807 ictum
700 748 779 806 ost.⁹
823 739 936 803 Primo
957 745 1067 801 autom
1091 731 1391 801 consolaturum

297 849 470 932 augurium
502 847 673 930 capienti¹
709 842 886 908 duodecim
913 839 1136 916 seruiturus,
1164 843 1202 902 ut
1231 833 1389 919 Romulo,

298 1179 342 1228 dat
359 1176 465 1224 Momm.
482 1173 625 1223 reum-o
643 1173 686 1220 Eat
705 1185 755 1219 rron
776 1174 909 1232 comperet
929 1168 953 1215 lu
966 1164 1044 1214 Vind.
1060 1166 1149 1213 1.-ro
1170 1161 1199 1208 m·
1216 1161 1305 1209 Burin.
1318 1161 1391 1211 malit

297 1244 398 1290 aberae·
425 1239 456 1287 [ιι
468 1237 532 1299 Cop-
544 1235 624 1286 Polit.
636 1235 734 1284 Madlc.
748 1238 770 1282 1.
786 1239 819 1294 et,
832 1232 900 1297 quod
914 1231 983 1280 Oud.
997 1229 1091 1291 placet.
1124 1227 1194 1275 Dein
1208 1224 1298 1274 eadam
1310 1226 1393 1273 varie·

298 1316 338 1357 tua
350 1302 531 1364 interjocirrora
546 1308 573 1350 et
581 1299 691 1361 jectam
700 1299 752 1362 hic,
770 1312 800 1348 ac
816 1311 894 1360 cupra
906 1311 964 1359 cup.
977 1297 1017 1342 81.
1036 1292 1099 1342 Mox
1109 1291 1135 1339 a'a
1148 1289 1216 1337 Rom.
1228 1289 1303 1338 Vora.
1315 1296 1342 1339 et
1353 1289 1390 1337 a'rr-

789 1473 895 1525 NOTAE

298 1585 361 1640 tem,
382 1577 519 1640 significet,
536 1578 612 1640 hujus
629 1576 686 1624 loco
708 1573 825 1622 intellex·
896 1579 912 1604 ⁹
929 1571 1011 1620 Primo
1033 1571 1111 1618 aulem
1130 1564 1263 1629 mamiato]
1292 1562 1393 1613 Auctor

298 1654 358 1712 erit,
372 1651 439 1714 quod
451 1652 484 1700 de
495 1652 538 1700 illa
549 1659 649 1702 tanturn
660 1659 718 1699 erat
730 1649 823 1698 intelli·
864 1647 972 1706 catillo,
982 1645 1007 1694 id
1016 1646 1040 1694 el
1052 1645 1193 1708 contigisse
1203 1642 1283 1705 primo
1292 1638 1334 1688 die
1342 1637 1393 1687 eo·

300 1727 421 1790 gendum.
863 1723 993 1772 mitiorum
1006 1721 1116 1775 illorum,
1127 1718 1220 1783 quibua
1231 1714 1326 1766 Conrrrl
1338 1711 1393 1762 lec·

323 1803 337 1848 .²
358 1801 478 1863 Circulos]
506 1801 579 1850 Idem
602 1805 691 1848 narrat
709 1797 824 1848 Velleius
863 1805 905 1848 tua
926 1804 980 1846 eat:
1000 1795 1068 1845 unde
1091 1793 1193 1856 colligit
1216 1789 1394 1848 Caruobormr,

299 1878 345 1927 lib.
355 1891 385 1928 rr.
396 1882 435 1926 59.
452 1883 479 1926 et
493 1877 592 1926 Seneca
607 1877 650 1925 lib.
665 1891 695 1926 rr.
723 1875 823 1926 eraeat.
865 1887 940 1923 vocer
951 1873 1048 1936 ‘primo
1059 1867 1208 1920 comulatu’
1218 1862 1393 1916 itauonccei·

300 1953 364 2003 Nat.
376 1966 400 2000 c·
411 1956 435 2001 2.
447 1952 490 2002 ubl
508 1951 597 2001 ‘halo’
616 1951 743 2013 (Ιιιιιοίι,ι
753 1965 824 2000 coro·
865 1948 972 2013 piendaa
983 1946 1056 2012 qrraai
1071 1946 1126 2008 jam
1138 1943 1234 1993 Consul
1247 1938 1338 1989 iulaaet
1349 1950 1390 1985 re-

299 2028 372 2078 rram'
386 2029 485 2078 Latinis
495 2027 548 2077 dici
559 2027 604 2090 ait,
620 2034 647 2077 et
659 2025 715 2076 fare
725 2025 825 2075 nounlal
865 2024 1007 2085 nuntiatur,
1019 2020 1064 2070 aed
1076 2019 1136 2068 dum
1148 2021 1266 2079 captaret
1274 2012 1395 2076 auguria,

299 2101 420 2152 noctibus
431 2115 566 2165 apparere,
576 2115 608 2151 ac
618 2101 688 2151 cirea
702 2101 786 2150 lunam
797 2107 826 2149 et
866 2112 923 2164 qure
941 2096 1088 2148 consulatur
1106 2091 1250 2144 candidatia
1270 2089 1303 2138 de
1320 2100 1395 2136 more

300 2178 388 2228 atellae
406 2176 596 2243 frequentioroa
613 2189 668 2225 erae
685 2175 827 2238 subjungit·
866 2172 991 2238 capienda
1010 2177 1093 2221 arant.
1126 2169 1330 2224 Contratamerr,
1349 2161 1395 2211 alli

300 2253 392 2302 Dicet
406 2251 520 2301 zonarae
539 2251 622 2315 iprum
642 2251 775 2300 coeleatem
786 2263 826 2299 ar·
867 2249 901 2300 de
912 2249 1032 2312 Augusto
1048 2245 1210 2297 consulatum
1226 2242 1332 2290 ineunte
1348 2251 1395 2287 rau

300 2341 358 2376 cum
368 2324 414 2390 lpu
424 2327 526 2376 scilieet
542 2324 621 2376 irrisae
631 2326 728 2380 dicunt,
744 2338 828 2389 neque
867 2325 1018 2389 auaplcauta
1039 2323 1123 2372 locum
1140 2320 1208 2368 lrurrc
1225 2313 1342 2366 Suetonii
1366 2317 1397 2362 at

300 2400 412 2465 Auguatl
435 2401 646 2466 magnitudinem,
670 2399 715 2450 aad
738 2400 827 2450 turbae
868 2401 974 2449 aliorum
989 2396 1137 2448 terrimonia
1152 2394 1185 2443 de
1202 2388 1396 2456 magistratibus

301 2491 361 2526 mox
373 2475 473 2526 futuru
484 2476 622 2527 indicarae.
868 2471 1039 2537 auaplcaturir
1051 2469 1209 2531 intelligunt.

333 2559 344 2583 ¹¹
361 2549 477 2614 Subinde]
505 2552 695 2616 Nonnunquam
717 2551 829 2601 sumitur
899 2555 912 2581 ¹
927 2541 1182 2610 Amr-irrumpunt]
1194 2539 1395 2591 Moreallomu·

302 2638 350 2688 pro
362 2639 421 2673 mcx
433 2625 473 2673 vel
484 2626 580 2673 atatim.
608 2625 733 2676 Horatiua
745 2626 830 2689 Epist.
866 2623 892 2672 lo
904 2623 1034 2682 instituto,
1042 2617 1175 2670 candidati
1189 2615 1342 2665 dicebantur·
1351 2627 1394 2660 au·

302 2704 327 2748 6.
338 2699 382 2748 lib.
395 2712 414 2747 r.
432 2701 440 2728 ‘
453 2700 562 2763 primum
581 2701 704 2765 gaudere,
721 2702 829 2751 aublrrde
866 2699 967 2763 aurium
978 2709 1084 2760 capere,
1096 2707 1154 2743 cum
1166 2698 1252 2753 nocte,
1262 2689 1304 2740 cui
1312 2685 1398 2738 Comi·

303 2774 468 2835 Praeceptum
488 2775 608 2824 auriculir
632 2777 681 2826 lroc
703 2777 829 2828 luatlllare
867 2775 962 2824 tiorum
974 2772 1028 2824 dier
1046 2771 1196 2820 illucescere
1212 2764 1334 2823 debebat,
1345 2762 1396 2826 ipai

303 2851 449 2903 mameut0.'
481 2854 541 2905 Quo
559 2867 634 2904 terrau
654 2856 828 2920 prodigiorum
867 2850 1000 2902 cubabant
1017 2855 1092 2898 extra
1118 2845 1217 2905 urbem,
1236 2856 1268 2892 eo
1289 2841 1317 2890 lu
1339 2840 1397 2888 loco

303 2927 386 2991 magia
397 2935 425 2976 et
436 2927 585 2992 algniticarra
596 2931 658 2981 illud
675 2938 741 2990 erat,
752 2947 829 2997 quern
868 2939 945 2990 quarn
960 2937 1069 2988 augura·
1087 2920 1167 2970 certia
1183 2915 1336 2968 carimouiia
1348 2913 1397 2963 lrac

303 3001 324 3054 al
340 3003 480 3054 identidem
500 3003 652 3057 decidluet:
669 3007 750 3058 adhuc
762 3005 829 3056 inlr-a
868 3002 901 3051 de
917 3015 995 3051 cauca
1011 3001 1204 3057 conrecrareut,
1221 2993 1316 3058 quique
1331 2995 1396 3039 tem·

303 3081 337 3131 de
353 3080 402 3130 lrac
422 3094 485 3130 voce
504 3081 530 3129 lu
549 3080 635 3131 Galba
656 3096 680 3132 c.
703 3086 725 3131 l.
744 3089 771 3131 et
788 3086 828 3133 1⁰.
868 3079 939 3141 plum
963 3075 1106 3125 dicebatur.
1138 3072 1178 3121 Ibi
1196 3084 1261 3120 curu.
1272 3068 1398 3118 illuxerat

304 3155 437 3219 Ejusmodi
452 3154 558 3206 fulmina
575 3170 666 3206 cereno
681 3158 746 3206 creto
757 3157 829 3206 decl·
869 3153 910 3202 rel
921 3152 1041 3203 cedente·
1052 3150 1135 3200 aulida
1148 3148 1220 3202 aella,
1233 3152 1261 3194 ut
1272 3159 1305 3194 ea
1317 3144 1397 3193 Ferro

303 3233 393 3282 dentia
404 3232 528 3284 bellorum
544 3234 656 3284 civilium
676 3233 770 3284 iudicia
791 3230 830 3282 fu·
870 3227 971 3277 invoco
991 3223 1106 3276 ‘aulida'
1126 3217 1397 3278 arcitenentum,

305 3321 358 3364 ere,
369 3316 399 3358 ut
410 3315 437 3358 at
449 3309 582 3374 Virgilian,
593 3310 639 3359 lib.
651 3323 671 3358 ι.
688 3309 829 3373 Georgico·
871 3304 911 3352 vel
928 3309 1037 3365 atauter,
1054 3308 1083 3350 ut
1102 3298 1136 3348 de
1153 3296 1261 3348 Romulo
1279 3293 1397 3343 Halicar-

305 3386 749 3449 rum,porrenraquaJnltrmortem
758 3399 830 3435 racu-
870 3393 974 3428 narrare
993 3379 1038 3427 lib.
1055 3390 1088 3425 ιι.
1104 3374 1186 3429 inltio,
1201 3369 1320 3421 mactatio
1337 3369 1396 3418 lude

304 3468 331 3509 ta
342 3467 402 3510 aunt
413 3473 583 3511 enumerant:
602 3461 678 3511 ‘Non
691 3463 753 3511 aliaa
765 3462 830 3511 coelo
871 3455 993 3514 victimis,
1004 3452 1067 3502 sella
1076 3449 1179 3514 aliquod
1191 3448 1290 3510 rignum
1301 3454 1397 3504 expec-

305 3533 456 3584 cecideruut
467 3535 543 3598 plura
554 3547 645 3584 cereno
657 3536 768 3600 Fulgura
776 3535 793 3584 :’
804 3543 831 3584 et
870 3529 972 3579 tabunt.
990 3527 1049 3577 Hoc
1065 3527 1091 3574 in
1107 3525 1302 3588 magiatratuum
1314 3516 1399 3567 Corui·

305 3611 425 3660 Lucanus
435 3609 480 3658 ttb.
491 3623 510 3658 r.
522 3611 590 3659 luter
604 3610 663 3660 belli
679 3611 762 3660 civille
774 3625 831 3675 pro·
871 3604 915 3655 tiir
931 3603 996 3653 dicit
1009 3602 1175 3651 observatum
1192 3597 1260 3646 idern
1280 3593 1399 3644 Halicar-

306 3686 392 3750 dlgla:
409 3687 417 3713 ‘
429 3686 543 3734 Emicuit
561 3687 627 3736 cralo
650 3687 755 3736 tacitum
776 3687 831 3736 aine
871 3693 987 3739 uaaaeua,
998 3678 1074 3727 etlam
1086 3683 1144 3739 port
1155 3673 1284 3723 rublatam
1297 3681 1400 3718 monar-

306 3762 415 3811 nubibua
427 3760 485 3810 uilla
500 3761 624 3814 Fulmen.'
657 3763 732 3814 Quod
744 3769 831 3812 tamen
871 3754 970 3804 chiama
987 3767 1033 3802 aua
1051 3765 1111 3801 vero
1128 3755 1217 3808 rateto,
1233 3759 1291 3811 qura
1308 3751 1335 3793 at
1347 3741 1400 3792 Au·

306 3839 332 3885 in
344 3838 436 3887 malem
453 3845 552 3901 partem
565 3852 615 3887 uon
626 3851 728 3902 aernper·
737 3852 831 3901 accep·
872 3830 939 3894 guoti
949 3828 1008 3885 fuit,
1022 3825 1122 3878 ucuniai
1134 3822 1262 3889 quandam
1269 3819 1335 3883 juria
1351 3819 1401 3867 illl·

308 3921 361 3963 tum
379 3921 429 3971 eat,
447 3921 476 3964 ut
494 3927 527 3964 aa
546 3914 657 3979 Virgilio
672 3914 773 3965 AEueld.
792 3926 832 3964 rx.
872 3921 902 3958 rra
920 3905 1057 3969 imaginem
1080 3899 1247 3956 romaneium
1266 3892 1399 3944 cocenim

308 3991 357 4039 ⁸²⁰·
872 3981 1049 4047 expect-baut
1061 3990 1152 4027 reuera
1166 3975 1249 4024 donec
1261 3985 1289 4022 re
1298 3970 1403 4034 alanum

340 4058 698 4129 liutto....muuurun]
718 4065 833 4114 lucam·
873 4057 976 4123 aliquod
1000 4052 1161 4112 oateuderet,
1187 4047 1234 4098 aed
1261 4045 1323 4095 ratic
1342 4056 1401 4093 eane

308 4152 342 4201 pc
362 4139 467 4201 Martio,
485 4140 518 4190 da
538 4156 589 4206 quo
611 4155 690 4205 cupra
707 4155 730 4191 c.
747 4145 788 4190 84.
806 4141 831 4188 in
873 4135 923 4186 rati
933 4134 955 4182 ai
964 4133 1059 4182 nullum
1071 4124 1268 4186 intercaraiaaet,
1287 4118 1402 4186 peractia

308 4214 362 4265 Jul·
872 4209 1025 4262 caerimoniia
1050 4207 1082 4256 ad
1111 4203 1291 4267 magiatratum
1311 4205 1402 4262 peteu-
