3208 4918
287 354 352 420 346
711 369 743 415 c.
766 365 946 416 suerouu

288 509 334 573 Et
346 509 491 574 maxime
507 507 692 574 delectatus
713 514 766 572 cat
789 504 945 587 Raetico,f
963 525 1068 590 nequo
1092 514 1213 572 temero
1238 509 1380 574 interdiu

287 612 397 674 bibit]
429 609 496 673 Pro
509 611 646 692 potione
661 610 814 674 sumebat
827 608 1000 693 perfusum
1010 627 1098 690 aqua
1110 609 1230 691 frigida
1244 631 1379 693 partem,

288 719 347 776 aut
361 711 546 775 cucumeris
569 710 736 786 fmstuur,⁸
758 710 811 773 vcl
831 711 1007 774 lactuculae
1027 708 1227 790 thyrsum,⁸¹¹
1246 716 1305 774 aut
1328 729 1379 774 re·

288 831 366 876 cens
380 813 582 878 acidumvc⁹
595 807 750 894 pomumi
766 812 859 876 succi
870 811 1061 891 vinosiorin
1074 807 1158 894 [ta]
1174 811 1262 876 Post
1268 812 1378 876 cibum

287 1105 361 1167 cubi,
380 1113 492 1155 tentante
511 1105 637 1156 (drot-⁷
654 1105 724 1168 Lipa.
743 1105 831 1154 maliet
842 1104 974 1154 tuterunt.
1007 1104 1071 1153 Tum
1085 1117 1129 1166 pro
1146 1104 1261 1167 positione
1272 1105 1377 1154 Merum.

282 1173 392 1234 portione
402 1171 450 1219 Ed.
462 1171 596 1219 Parin—8
612 1171 764 1219 Lociucuiom
773 1174 815 1217 ortt
823 1175 913 1232 tyram
924 1169 1134 1230 coniectandum
1143 1173 1167 1216 ei
1178 1169 1253 1232 tityre.
1266 1169 1341 1218 vino.
1353 1175 1377 1219 2.

286 1235 383 1284 Medic.
406 1239 430 1284 a.
448 1241 475 1283 et
494 1239 518 1283 1.
536 1233 583 1282 niti
603 1234 672 1298 quod
699 1234 847 1281 munaum.
881 1232 922 1280 Ad
948 1247 1019 1281 oraru
1045 1233 1093 1280 Ed.
1115 1233 1205 1294 Stepir.
1222 1246 1290 1281 man.
1307 1233 1376 1284 doct.

284 1301 411 1348 lootocuioo
425 1304 448 1347 et
464 1299 629 1362 raporum-u
646 1296 775 1346 Aridruune
791 1297 896 1344 Momm.
913 1297 1009 1346 Medic.
1029 1303 1062 1344 tr.
1077 1303 1188 1359 uterque
1200 1295 1280 1346 Viud.
1296 1297 1376 1350 Poiit.

285 1363 370 1411 Perie.
391 1377 437 1425 pro
458 1377 481 1410 v.
499 1364 516 1411 Ι.
528 1363 602 1410 Voss.
617 1362 680 1409 Mae.
698 1361 806 1410 Caraub.
824 1360 912 1409 Burm.
928 1361 985 1409 eat.
1003 1363 1028 1408 2.
1046 1363 1070 1408 8.
1086 1368 1113 1407 et
1133 1363 1157 1408 1.
1170 1375 1185 1408 a
1200 1373 1253 1408 aec.
1272 1375 1305 1409 m.
1318 1375 1375 1411 cum

285 1427 354 1477 Edd.
368 1428 431 1474 Ven.
442 1426 521 1488 Med·
536 1426 608 1474 Cald.
626 1425 802 1488 pluribusque,
814 1424 959 1486 probantib.
972 1423 1043 1471 0ud.
1053 1430 1079 1470 et
1090 1423 1168 1472 Wott.
1191 1423 1266 1473 Torr.
1278 1426 1317 1472 vel
1326 1429 1375 1474 eri-

284 1494 340 1538 dam
356 1492 396 1538 rei
408 1491 646 1552 aaltemocidamqtto
662 1486 778 1552 profert,
789 1488 830 1538 cui
847 1489 872 1536 itt
888 1489 936 1537 boc
953 1487 1107 1549 astipulatur
1124 1487 1193 1536 Oud.
1219 1487 1250 1535 Iu
1269 1488 1324 1550 Cuj.
1339 1505 1375 1538 re·

284 1569 347 1608 cura,
363 1555 424 1602 orid.
440 1558 492 1603 etr·
507 1569 530 1602 a.
544 1553 622 1602 Viud.
643 1558 666 1601 l.
683 1557 769 1600 terrum
785 1566 874 1614 recent,
885 1552 977 1601 aridum
994 1553 1031 1599 oei
1039 1566 1064 1612 p.
1083 1550 1167 1613 Marg.
1184 1550 1285 1614 Grypb.
1304 1556 1376 1602 1532.

284 1617 391 1666 exbibet
406 1618 538 1680 oridrartoe,
558 1617 699 1680 probatque
719 1615 854 1672 Cbrittiue,
877 1617 923 1665 red
949 1617 1012 1664 Ero.
1034 1614 1155 1663 urendore
1179 1629 1226 1676 pro
1253 1615 1376 1666 evitium

285 1683 456 1742 perscriptum
484 1679 927 1743 eoadet.1tpr.conj.floeioomeo.
961 1681 1051 1728 Nocte.
1078 1677 1188 1742 denique
1205 1679 1268 1727 lect.
1302 1687 1376 1728 tuen·

285 1754 328 1794 tat·
348 1745 415 1794 Edd.
438 1747 511 1794 Rom.
530 1745 612 1808 bugd.
635 1743 721 1793 Dolet.
743 1743 844 1808 Grypb.
865 1743 926 1794 Bae.
944 1743 1028 1793 Coliu.
1046 1749 1074 1792 et
1090 1749 1202 1792 receutt.
1221 1744 1299 1792 etiam
1314 1745 1375 1791 Ver.

775 1897 880 1948 NOTAE

283 2011 346 2060 dirae
359 2013 446 2061 raieue
456 2012 553 2073 unciae,
564 2020 594 2061 ut
607 2017 635 2060 et
646 2024 691 2060 var
701 2008 808 2058 duorum
882 2008 1006 2076 tuorna]
1019 2011 1113 2060 Strabo
1123 2010 1168 2060 lib.
1177 2023 1215 2059 tv.
1225 2017 1374 2073 auctorent,

283 2103 365 2150 capax
377 2089 536 2153 cyathorum,
549 2087 616 2153 quod
628 2086 724 2136 sentiet
735 2101 809 2150 repe·
849 2085 932 2134 uinrtm
941 2086 1004 2135 iliud
1014 2101 1029 2136 e
1038 2087 1193 2136 Ratioorum
1203 2087 1326 2135 montium
1335 2099 1375 2134 ra·

283 2167 360 2213 titum
381 2164 484 2213 scutarii
506 2178 651 2212 meneutam
671 2163 810 2228 oequtbm
848 2162 947 2212 dicibue
960 2163 1086 2212 Veronam
1102 2177 1179 2227 neque
1198 2161 1278 2222 nacci,
1296 2167 1374 2225 geue²

282 2255 341 2291 cum
364 2242 431 2290 euim
454 2249 565 2304 cognata
587 2241 622 2287 ait
642 2247 670 2290 et
691 2252 810 2289 connexa
847 2238 962 2301 rasisque
984 2237 1065 2288 italia
1087 2239 1152 2287 riuis
1171 2245 1304 2286 accenset.
1342 2236 1375 2285 ln

282 2316 424 2379 ponderum
446 2331 477 2366 ac
496 2329 670 2365 mensurarum
691 2314 767 2372 ratio,
787 2314 808 2362 ai
847 2313 969 2378 Augurti,
988 2323 1017 2364 ut
1038 2315 1182 2363 verosimile
1198 2320 1248 2377 eat,
1265 2311 1374 2376 gratiam

282 2393 382 2455 pondua
395 2405 520 2441 menturae
532 2391 718 2454 componimur,
730 2404 808 2454 quau·
847 2389 911 2439 iilud
937 2404 1037 2455 quoque
1060 2391 1182 2454 Virgilian
1206 2389 1322 2439 laudavit
1347 2389 1374 2437 ἰιι

282 2473 307 2515 ta
319 2467 391 2516 iibrae
401 2481 459 2530 para
471 2477 511 2514 ert
521 2467 606 2521 uncia.
615 2472 689 2514 tanta
700 2465 807 2528 epatium
847 2466 1005 2529 Georgicir‚‘
1014 2467 1065 2516 Sed
1074 2481 1124 2530 quo
1133 2465 1373 2525 tecarroinedieam,

282 2550 320 2590 ert
333 2543 456 2602 sextarii;
472 2541 514 2590 bic
525 2541 621 2604 quippe
638 2540 664 2588 iu
677 2540 807 2590 duodenne
847 2541 964 2590 Raetica?
973 2555 1021 2591 nec
1032 2541 1105 2592 cetto
1116 2541 1175 2592 ideo
1187 2540 1373 2592 contendeFa·

281 2617 389 2678 cyatboa
401 2617 541 2665 dividitor:
556 2615 681 2678 tegendae
693 2615 807 2666 boronus
846 2615 930 2666 lenia!

280 2691 324 2740 lib.
338 2705 367 2739 v.
379 2690 411 2740 de
422 2704 487 2740 aare.
511 2689 744 2739 sextariurautem
758 2692 807 2740 Ro·
877 2697 890 2733 Ι
915 2692 1052 2740 Cataneria
1067 2690 1187 2756 muron]
1216 2691 1372 2742 cucumeres

282 2779 381 2828 mantra,
393 2766 494 2816 laidoro
507 2773 585 2829 terte,
593 2766 657 2814 duat
669 2765 746 2816 librar
755 2767 807 2817 Ro·
845 2766 951 2818 Tiberio
959 2782 1059 2832 quoque
1068 2767 1172 2818 suerunt
1182 2769 1207 2817 in
1217 2767 1333 2827 deliciia;
1345 2775 1373 2817 et

280 2854 378 2901 meum,
396 2841 444 2890 boc
457 2847 498 2890 eat
515 2843 556 2890 24.
572 2841 661 2889 unciae
673 2843 808 2907 appendit,
845 2844 953 2894 lactucis
964 2843 1107 2909 Augentum
1119 2843 1233 2893 servarit
1243 2843 1372 2892 Antonine

279 2923 404 2982 quantum
425 2931 498 2980 aque
519 2917 619 2979 pondua
636 2931 692 2966 eant
703 2921 806 2970 omuino
845 2919 932 2981 Mora,
942 2919 975 2968 de
985 2935 1036 2983 quo
1046 2933 1124 2982 cupra
1134 2923 1207 2969 coti.

279 3007 424 3042 mentorem
450 2994 551 3056 implet.
566 2995 606 3058 (ut
628 2994 807 3057 experimento
876 2993 889 3026 ¹³
907 2995 1035 3058 ssuttere]
1051 2995 1163 3057 Thyreae
1174 2995 1207 3044 de
1217 2995 1305 3059 quaein
1315 2995 1372 3044 ber·

279 3068 390 3132 probaro
403 3077 530 3131 promtum
549 3067 614 3132 aeq)
625 3083 702 3132 quem
719 3077 806 3122 ternoa
844 3069 887 3132 ba,
896 3071 940 3120 aed
953 3071 986 3119 de
999 3071 1098 3119 lactuca
1109 3073 1255 3133 praetertiar
1265 3070 1371 3134 dicitur,

279 3143 496 3194 remiaerterioloa
512 3146 601 3208 tingue
612 3147 750 3194 vernacula
764 3162 804 3196 ur·
844 3153 936 3209 eatque
946 3145 1026 3195 carriie
1038 3145 1093 3194 rire
1101 3160 1195 3209 eeapue
1207 3147 1274 3195 iiiior
1282 3145 1371 3207 hetta

278 3218 318 3268 bie
329 3219 482 3270 Paririenrie
493 3222 682 3285 opportunae
692 3222 806 3285 largiari-
845 3219 900 3268 tivo
915 3221 939 3269 lo
956 3222 1016 3280 u'ge,
1027 3219 1061 3268 ⁸⁶1
1075 3220 1267 3272 rimiliindintnt
1278 3221 1370 3284 Thyni

277 3309 320 3344 rua
331 3294 381 3344 suit
392 3296 503 3359 Attqtuti
516 3297 542 3345 in
555 3298 666 3348 bibendo
677 3313 805 3364 memora,
845 3294 972 3352 bacchini,
988 3296 1031 3360 qui
1042 3296 1115 3346 beata
1124 3296 1242 3359 quiedam
1253 3305 1294 3346 ert
1305 3297 1370 3346 uae·

277 3385 352 3434 quam
360 3377 388 3420 et
396 3372 504 3421 bonerto
514 3371 664 3422 bibentibut
672 3371 805 3424 ruffecieoe
844 3371 892 3420 cbo
901 3386 984 3422 ancre.
1003 3371 1103 3420 Plinius
1113 3373 1159 3420 lib.
1170 3383 1231 3420 ιιι.
1239 3387 1263 3421 c.
1272 3376 1297 3421 8.
1307 3372 1369 3422 *bt-

277 3446 405 3496 Horatius
424 3448 509 3497 inuuit
525 3447 581 3496 Sat.
592 3460 611 3498 ι.
626 3448 723 3497 ‘Pania
735 3465 804 3498 enta·
843 3461 890 3496 vua
900 3453 972 3498 certe
982 3447 1112 3510 Augustae
1124 3449 1225 3498 lactuca
1233 3461 1369 3498 conterra-

277 3521 400 3582 torolur‚
417 3521 469 3570 vini
486 3520 629 3583 aextarina‚'
645 3525 695 3572 tro.
728 3523 802 3574 idem
843 3522 930 3569 turin
957 3520 1111 3583 egritudine
1127 3519 1211 3571 fertur
1229 3522 1369 3586 prudentia

276 3597 309 3646 do
321 3595 412 3644 Tacito
430 3596 588 3658 imperatore
599 3596 728 3659 Vopiscua
744 3612 802 3648 nar·
843 3595 927 3644 Maste
947 3594 1057 3644 medici·’
1089 3596 1369 3661 Dequoeuprac.59.

278 3677 333 3718 rat:
357 3668 428 3718 ‘fuit
450 3670 502 3718 ulta
522 3671 695 3734 parcioriurua,
718 3673 756 3722 ita
775 3680 804 3722 at
842 3668 1032 3720 atiniacum.

279 3745 417 3794 sextarium
431 3744 482 3794 riui
495 3753 551 3794 tota
563 3745 605 3795 die
625 3761 675 3796 non
696 3755 802 3810 potare·
874 3745 1026 3795 'Acidunroe
1042 3745 1146 3810 pomum]
1172 3747 1324 3796 Torrentius
1342 3747 1368 3794 in

277 3820 386 3874 rtt,‘&o.
401 3821 520 3870 ‘ruentes
530 3822 803 3886 tgirunontnonneer,
842 3821 926 3876 tribur
938 3822 1003 3870 Mu·
1015 3823 1077 3884 lenit
1088 3824 1188 3872 acum
1205 3823 1368 3874 bisinianen

276 3893 406 3956 Deuncer,
426 3909 487 3945 rara
505 3910 606 3961 quoquo
624 3909 684 3946 runt
703 3898 803 3960 potoria
841 3895 942 3944 aeidum
961 3909 1074 3958 pomum.
1086 3897 1192 3945 ettueci
1205 3897 1287 3945 vinosi
1299 3897 1367 3944 idem

276 3968 384 4016 totidem
402 3969 563 4032 cyathorum,
584 3971 652 4020 unde
673 3973 802 4023 Martinus
841 3970 1039 4031 escenderunt,
1056 3985 1089 4020 ue
1108 3971 1222 4020 abundet
1242 3973 1294 4019 otte
1308 3985 1367 4030 uox,

275 4041 353 4103 Epig.
371 4047 410 4092 28.
427 4044 472 4093 lib.
490 4059 540 4094 ru.
559 4046 688 4110 quendam
708 4050 802 4111 carpit,
841 4045 936 4093 retinet
950 4045 1051 4100 aridum
1065 4045 1113 4094 boc
1124 4059 1217 4094 aenou:
1235 4045 1367 4096 Autumno

275 4117 283 4144 ‘
294 4117 362 4166 Poto
373 4127 609 4184 apponctamento
620 4130 704 4186 potat,
713 4123 801 4187 Cinna,
840 4119 984 4184 quibusque
994 4121 1076 4182 pomis
1088 4121 1230 4184 prorniscue
1244 4119 1367 4169 utebatur

276 4191 405 4240 deuncos:
840 4195 1054 4262 Anguemqquod
1064 4209 1156 4260 nempe
1164 4202 1226 4245 tunc
1234 4197 1366 4259 temporie,
