3216 4918
318 441 383 506 450
746 452 778 497 c.
801 449 981 500 sunnonis

318 599 398 683 quid
408 597 606 670 stomachor,
615 594 726 671 valde,
740 593 869 657 medius
879 593 989 669 fidius,
1003 589 1176 656 Tiberium
1191 609 1302 655 meum
1321 589 1408 654 desi·

318 702 419 766 dero:
442 698 672 781 succurritque
687 714 802 760 versus
817 695 876 758 ille
893 693 1115 758 Homericus:

448 797 550 861 Τούτου
560 799 630 858 “δ’5
653 793 821 876 ἑσπομένοιο,
836 797 884 858 καὶ
901 797 931 857 ἐκ
947 791 1028 878 sepsit
1046 790 1193 873 αἰθομένοιο

439 899 548 980 'Aaou
563 897 757 980 νοοτῆοανμν,
769 897 824 960 bert
840 896 901 980 πέρι
917 895 969 959 oldr
984 896 1105 971 unicas!

318 1003 536 1068 Attenuatum
551 998 608 1064 te⁶
622 1017 699 1064 csse
717 999 965 1064 continuatione
980 999 1144 1074 laborum,
1161 1015 1238 1060 cum
1254 995 1356 1059 audio
1371 1000 1405 1056 et

314 1107 404 1187 lego,
420 1104 478 1168 Dii
492 1122 544 1167 me
559 1101 710 1191 perdent,
722 1101 787 1164 nisi
804 1100 1008 1164 cohorrescit
1021 1117 1145 1182 corpus
1158 1117 1287 1162 meum:
1309 1103 1405 1179 teque
1434 1091 1436 1096 ’

316 1214 425 1288 rogo,⁷
440 1209 477 1267 ut
490 1220 609 1286 parcas
624 1202 704 1265 tibi:
726 1220 781 1277 ne,
796 1202 825 1264 si
841 1209 874 1265 te
889 1200 1047 1282 languere
1062 1200 1279 1275 audierimus,
1297 1207 1330 1262 et
1344 1214 1404 1278 ego

317 1314 351 1373 et
366 1316 471 1371 mater
495 1313 552 1367 tua
567 1303 769 1383 expiremus,
784 1307 817 1364 et
836 1300 902 1364 del
929 1319 1057 1364 summa
1079 1301 1212 1382 imperii
1227 1300 1280 1362 sui
1299 1318 1406 1382 popu-

314 1411 368 1474 lus
382 1407 555 1471 Romanus
569 1403 783 1485 periclitetur.
827 1400 920 1464 Nihil
931 1400 1078 1469 interest,
1094 1399 1224 1463 valeam
1242 1399 1315 1480 ipse
1329 1417 1403 1462 nec·

314 1530 369 1587 ne,
390 1509 469 1571 situ
492 1523 560 1569 non
575 1503 713 1567 valebis.
758 1502 852 1565 Deos
867 1503 1020 1577 obsecro,
1037 1507 1074 1564 ut
1093 1506 1127 1564 te
1147 1500 1243 1564 nobis
1268 1518 1404 1564 conser-

313 1615 403 1684 vent,
416 1614 450 1670 et
473 1607 582 1670 valere
604 1622 692 1668 nunc
709 1609 744 1666 et
767 1622 901 1684 semper
916 1603 1095 1684 patiantur,
1107 1601 1142 1672 si
1159 1620 1227 1664 nou
1242 1600 1404 1685 populum

314 1709 527 1774 Romanum⁹
552 1705 663 1786 perosi
685 1701 783 1767 sunt?
840 1700 922 1783 [22]
956 1701 1142 1764 Excessum
1166 1699 1311 1782 Augusti
1338 1685 1405 1764 non

312 1810 406 1892 prius
421 1808 531 1890 palam
546 1807 637 1882 fecit,
652 1823 755 1888 quam
768 1802 922 1885 Agrippa
930 1802 1075 1886 juvenev
1097 1803 1280 1864 interemto.
1302 1801 1403 1864 Hunc

313 1909 479 1974 Tribunus
500 1907 639 1971 militum
663 1911 778 1968 custos
801 1904 1018 1987 oppositus¹0
1040 1902 1177 1980 occidit,
1192 1902 1289 1966 lectis
1309 1901 1402 1966 codi-

313 2009 435 2086 cillis?
450 2008 584 2091 quibus,
600 2011 638 2070 ut
654 2005 688 2070 id
708 2005 847 2082 faceret,
867 2004 1056 2088 jubebatur.
1102 2000 1198 2080 Quos
1218 2002 1403 2078 codicillos,

313 2223 428 2340 121erae
444 2182 536 2290 quidem
546 2227 638 2284 comitr,
654 2223 721 2274 umbo
731 2224 869 2275 redierim
886 2237 917 2274 ec
931 2223 987 2288 igue
998 2223 1093 2274 ardenti
1099 2240 1109 2281 ,·
1126 2237 1179 2274 amn
1189 2223 1256 2272 ualde
1269 2222 1336 2272 seuit
1348 2191 1406 2271 eou-¹

377 2305 397 2340 s.

769 2382 947 2404 &mut

313 2512 375 2564 Seb.
386 2514 487 2577 Grypb.
498 2513 586 2564 l’lsut.
601 2518 747 2564 succurreret
753 2511 803 2562 Ed.
814 2513 950 2576 (tempe-tt
960 2512 1055 2562 Medic.
1067 2519 1119 2562 tres
1126 2509 1241 2560 τούτοντ·
1252 2509 1317 2560 Edd.
1327 2509 1400 2560 Rom.

313 2591 372 2626 cum
384 2579 454 2626 Cort.
464 2576 550 2626 subroc
559 2579 594 2640 γ’,
604 2585 631 2626 et
641 2579 706 2628 itain
720 2578 750 2626 It.
760 2583 789 2624 tt.
801 2591 835 2626 vs.
843 2581 900 2626 246.
917 2578 1015 2625 Postea
1024 2575 1107 2625 edidit
1117 2579 1205 2626 Brem.
1216 2571 1317 2637 περίοιδε
1324 2574 1400 2638 junc-

312 2640 416 2690 tim—b
436 2641 468 2689 l's
478 2641 551 2691 deest
561 2641 651 2702 Stepb.
684 2641 749 2690 Post
758 2641 784 2688 in
796 2655 846 2690 uuo
855 2641 927 2690 Torr.
943 2641 1053 2700 eohseit,
1064 2641 1090 2688 in
1107 2641 1158 2688 slio
1169 2639 1290 2700 ruloescs't,
1300 2646 1327 2687 et
1336 2653 1400 2701 corp.

311 2708 419 2752 nostram
437 2704 541 2752 exbibet
560 2703 681 2752 Heln-⁷
700 2704 730 2752 lu
749 2704 808 2752 trib.
827 2703 923 2754 Medic.
940 2705 1017 2753 vind.
1032 2709 1056 2752 2.
1075 2705 1154 2753 Polit.
1172 2705 1235 2766 Cop.
1254 2703 1328 2751 Hrrls.
1342 2703 1400 2764 cuj.

311 2768 386 2816 Voss.
396 2768 466 2815 Dnn.
478 2767 583 2830 Lougoi.
591 2775 617 2815 et
628 2767 705 2815 Fouc.
718 2765 811 2830 (quiet
821 2767 914 2830 parces)
928 2767 1023 2830 legitur
1039 2781 1087 2823 cro,
1099 2768 1166 2832 quod
1179 2767 1320 2830 praptscst
1331 2765 1402 2815 Oud.

312 2835 337 2879 ts
345 2845 433 2892 queque
445 2831 517 2879 Cort.
534 2838 560 2879 st
577 2845 655 2890 suprs
665 2830 703 2878 Di
713 2830 846 2878 Medic..l.
858 2835 881 2879 Β.
915 2831 981 2880 Dein
992 2832 1108 2880 audierim
1119 2832 1192 2880 Voss.
1203 2838 1279 2892 etque
1290 2843 1333 2890 ego
1343 2831 1400 2876 sins

312 2899 337 2941 et
348 2893 443 2942 Medic.
456 2898 479 2941 l.
488 2896 511 2942 ο.
524 2895 601 2943 Petit.
612 2893 688 2942 vino.
699 2900 866 2957 uterque-8
884 2894 922 2943 ne
933 2895 1031 2943 omittit
1045 2894 1152 2943 Memor.
1170 2908 1227 2944 cum
1246 2892 1324 2940 Potlt.
1340 2905 1398 2953 pro·
1501 2915 1504 2920 ·

312 2955 435 3005 bentibus
444 2955 513 3005 Oud.
525 2957 656 3006 Drakeub.
673 2956 705 3005 sd
724 2957 779 3006 Liv.
791 2969 911 3006 xxxvru.
923 2961 963 3009 2⁰.
995 2959 1059 3007 Mox
1070 2973 1116 3020 pro
1126 2960 1148 3006 st
1158 2963 1186 3007 trs
1198 2972 1244 3006 non
1254 2957 1301 3006 sot.
1312 2955 1399 3019 placet

311 3019 385 3069 Torr.
395 3020 503 3070 casaub.
513 3029 540 3069 et
550 3020 662 3070 Scrlmi
672 3027 700 3068 tu
709 3023 774 3068 modo
784 3022 831 3070 vol.
845 3029 873 3069 nt
884 3027 924 3069 est
935 3022 960 3070 in
969 3020 1046 3071 duob.
1055 3021 1198 3070 Msa'lbrr.
1206 3029 1235 3070 et
1246 3019 1329 3070 Pulm.
1340 3033 1399 3070 uuo.

312 3083 373 3133 stru
382 3086 428 3133 unt.
440 3083 505 3134 Mss.
517 3084 585 3134 Abb.
596 3083 728 3134 (lundens.
739 3084 858 3132 Harlem.
867 3085 933 3133 Edd.
944 3086 1012 3134 Ven.
1024 3090 1048 3134 2.
1062 3089 1085 3135 3.
1096 3101 1154 3134 cnm
1166 3084 1239 3134 Lind.
1251 3082 1315 3134 eod.
1347 3083 1400 3132 Re·

311 3147 375 3210 liqui
387 3155 490 3196 servent
500 3165 555 3211 sus,
573 3148 622 3196 nisi
632 3146 700 3210 quod
712 3147 779 3196 absit
792 3148 825 3196 ab
837 3160 886 3196 uno
898 3149 1027 3212 alteroque
1040 3147 1108 3198 Oud.
1120 3157 1146 3198 et
1158 3149 1225 3198 Edd.
1235 3147 1330 3198 Ssbell.
1342 3147 1399 3197 Me·

313 3211 372 3259 diot.
386 3211 458 3260 cuo.
469 3212 495 3261 ον’
510 3218 538 3261 trs
552 3226 577 3260 νο.
594 3227 618 3260 ο.
634 3210 730 3260 Medic.
741 3217 765 3260 a.
785 3210 862 3260 vind.
880 3215 903 3259 1.
923 3211 994 3260 Dnn.
1014 3214 1069 3275 an.
1104 3213 1184 3262 l’snlo
1196 3219 1257 3262 anta
1265 3212 1339 3261 deest
1349 3211 1399 3272 s'pse

311 3275 426 3337 Cup—n
437 3275 467 3324 st
476 3290 530 3338 pop.
541 3275 608 3324 Duo.
632 3275 721 3336 Populo
734 3275 837 3323 lterum
847 3273 924 3323 vind.
934 3280 957 3326 1.
970 3276 1067 3327 Medic.
1075 3281 1100 3326 2.
1109 3276 1165 3340 (qui
1178 3284 1205 3324 et
1213 3283 1287 3326 caret
1295 3273 1399 3339 seinos)

311 3338 378 3412 Cep.
390 3338 504 3400 Harlerp.
516 3338 582 3388 Edd.
594 3339 661 3387 Van.
671 3337 744 3387 Cald.
758 3337 828 3386 Med.
838 3338 921 3400 bugd.
931 3339 1069 3390 lunt-10
1078 3341 1186 3402 Oppostt.
1199 3339 1278 3387 Viud.
1286 3343 1309 3387 l.
1330 3339 1398 3387 Dein

310 3401 427 3450 codrcibas
436 3402 507 3452 Cort·
518 3401 584 3450 Edd.
598 3402 670 3450 Rom.
687 3403 807 3450 Cetemm
818 3401 844 3449 in
858 3403 928 3451 Rom.
939 3418 990 3452 sec.
1001 3403 1191 3464 ldsucerejubet.
1200 3400 1268 3465 quud
1280 3402 1397 3450 bstiuius

312 3473 389 3529 putst
400 3466 487 3515 llurur.
513 3465 670 3514 Particularn
681 3471 707 3514 ut
718 3467 840 3514 omittunt
849 3465 921 3516 Cort.
933 3467 1024 3530 Csmp.
1037 3468 1163 3530 probante
1175 3466 1244 3515 Ood.
1254 3467 1282 3512 st
1292 3463 1398 3526 thteret

800 3625 909 3677 NOTAE

342 3747 355 3774 ¹
370 3736 466 3798 τούτου,
477 3739 529 3802 isa]
543 3739 586 3788 De
596 3740 689 3803 Ulysse
701 3739 798 3789 dictum
816 3754 832 3790 s
904 3749 921 3776 ¹
939 3739 1072 3804 Codidttr's]
1087 3737 1395 3802 Codicittisrrrrtsliqusn·

310 3815 439 3864 Diomede
451 3814 476 3862 in
488 3814 596 3864 concilio
606 3815 834 3878 (trecorummum
873 3817 907 3866 do
927 3819 1052 3868 chartula
1078 3815 1193 3879 quedem
1222 3813 1394 3876 complicata,

310 3892 336 3941 tn
344 3892 455 3956 Trojano
466 3901 553 3943 eastre
563 3895 725 3958 speculatum
741 3895 834 3956 ituros,
872 3892 924 3942 line
944 3895 1070 3958 trajectu,
1091 3899 1118 3940 ct
1133 3891 1287 3953 obsignate,
1304 3887 1395 3953 qulbus

309 3966 680 4032 buncsibisociumpostulst.
697 3968 815 4019 ltlsd.x.
872 3969 992 4019 msudsts
1013 3968 1192 4026 mittebantur,
1222 3965 1395 4028 dicunturque

341 4049 354 4074 V
370 4042 576 4106 Agrippujueese]
591 4043 689 4092 Tiberii
701 4043 829 4106 privignum
870 4041 1020 4107 diplomata.
1051 4042 1201 4092 Suntetism
1213 4051 1282 4103 sepe
1294 4038 1396 4102 priests

310 4115 365 4176 sjrrs
375 4118 442 4166 enlm
455 4127 563 4167 mstrenr
576 4116 695 4179 duxerat,
712 4126 742 4166 ut
753 4131 831 4182 suprs
870 4117 960 4167 cbrrts
985 4117 1109 4180 qusquis
1130 4116 1226 4179 absque
1246 4113 1396 4163 testamenti

308 4200 387 4250 sepe.
419 4191 522 4241 Tertius
534 4199 591 4240 erst
603 4191 727 4256 Agrippae
741 4205 773 4242 ex
782 4192 829 4243 Jo·
867 4191 1065 4242 solennitatibus
1077 4204 1108 4238 ss
1118 4189 1250 4248 describit,
1262 4201 1319 4251 quus
1336 4192 1397 4249 post

307 4261 427 4314 lisfilins.
868 4275 976 4317 mortem
987 4281 1059 4316 suam
1069 4264 1127 4315 fleri
1138 4265 1200 4316 volt.
1218 4264 1326 4326 August.
1337 4277 1397 4326 esp.
