3094 4914
261 380 326 450 i2l
691 395 723 441 o.
746 391 925 442 sunrouu

261 535 412 612 totidem,
439 553 479 600 uc
508 539 671 619 praeterea
698 532 849 617 polime‚⁷
890 531 980 615 quod
1016 532 1207 598 inscribitur
1242 533 1360 599 ‘Iter-³

262 635 415 714 Quorum
430 635 588 700 librorum
604 635 729 718 primos
743 635 777 698 in
791 633 929 698 bunsitu
944 630 1096 715 Alpium,
1111 651 1186 696 eum
1207 651 1254 696 ex
1277 635 1362 698 cite·
1456 669 1467 678 ’

259 739 349 801 riore
363 735 506 814 Gellia,¹²
526 736 743 801 conventibus
758 734 931 816 peractis,v
955 732 998 799 ed
1011 733 1196 798 exereitum
1211 733 1363 814 rediret3

261 842 437 920 sequentes
445 836 509 900 sub
520 840 649 918 tempus
661 833 859 897 Mundensis
870 833 1005 916 proelii'
1018 832 1115 910 iccit;
1128 833 1364 910 novissimum,

263 937 342 1001 dum
355 937 398 1000 ub
410 935 502 1000 Urbe
517 935 551 998 in
562 935 764 1019 Hispaniam
777 935 970 998 ulteriorem
981 943 995 970 ¹
1010 941 1129 1016 quarto
1142 939 1177 996 et
1186 933 1364 998 vicesimo⁸

263 1037 341 1100 diey
367 1038 531 1119 pervenit.
575 1035 737 1118 Epistolae
755 1053 891 1118 quoque
905 1036 979 1118 ejus
994 1034 1038 1098 ed
1054 1034 1214 1099 Senatum
1231 1038 1364 1108 extent,

265 1157 351 1219 ques
366 1139 514 1220 primus⁹
536 1134 668 1199 videtur
680 1137 722 1199 ud
737 1137 902 1218 pegines⁸
923 1144 958 1200 et
972 1135 1110 1200 formem
1133 1134 1365 1198 memorialis*

259 1412 302 1459 ds.
314 1409 355 1458 lib.
372 1407 448 1458 Voss.
460 1409 557 1458 Medic.
569 1407 653 1459 Poris.
665 1409 781 1459 Heriem.
792 1409 1061 1461 summersione.
1074 1407 1141 1476 quod
1153 1407 1255 1471 recepit
1267 1407 1293 1456 in
1305 1412 1364 1457 tex·

265 1483 318 1521 tum
337 1472 407 1522 Ond.
440 1471 506 1521 item
524 1473 642 1536 nCujsc.
655 1473 729 1523 sbest
740 1477 833 1537 copule
844 1480 868 1523 ei
880 1474 1042 1524 sutededn.
1054 1488 1085 1522 se
1096 1473 1248 1522 Artissimis
1258 1472 1284 1521 le
1320 1470 1371 1521 brt

263 1536 340 1586 bittit.
351 1536 473 1585 leudente
484 1537 641 1599 Bsumg.-i
660 1539 724 1587 Post
743 1552 799 1588 roc.
815 1538 898 1600 potua
915 1539 1034 1588 relietum
1046 1545 1102 1586 eret
1120 1538 1234 1600 spatium
1244 1536 1270 1583 in
1304 1549 1365 1584 ouc.

261 1600 325 1649 Mox
335 1603 391 1662 'pro
407 1600 467 1664 lter,
484 1601 588 1649 Momm.
600 1603 672 1651 inter.
708 1601 774 1651 cod.
793 1603 882 1652 Bertb.
901 1609 961 1666 post
977 1603 1049 1652 isser.
1061 1601 1204 1650 leennulenr
1228 1599 1319 1660 bibet,
1335 1607 1365 1647 et

264 1671 319 1712 tum
335 1665 412 1712 inies.
423 1669 606 1728 ..querum—tl
623 1664 667 1714 lte
684 1665 794 1728 integris
813 1665 897 1715 literis
916 1665 1043 1715 exhibent
1062 1666 1128 1714 illes.
1152 1671 1180 1712 et
1197 1663 1366 1712 consentiunt

264 1726 331 1776 Edd.
348 1741 417 1776 omn.
433 1734 461 1777 et
478 1729 515 1777 sic
532 1727 697 1778 scribendum
714 1730 809 1779 docent
826 1730 913 1780 Surits
929 1737 957 1779 et
976 1729 1130 1791 Wesseliug.
1141 1727 1174 1776 sd
1193 1727 1289 1777 Anien.
1301 1726 1366 1776 ltin.

264 1804 290 1851 p.
301 1794 359 1840 896.
387 1790 497 1839 Cesuub.
510 1800 596 1840 temen
608 1806 641 1840 ex
650 1793 740 1842 strab.
752 1792 865 1843 malebat
875 1794 974 1856 septiens
985 1799 1008 1842 et
1019 1793 1115 1843 ete-e
1133 1792 1240 1840 Primum
1251 1791 1306 1850 elii,
1318 1789 1364 1839 sed

262 1853 326 1903 illud
345 1853 506 1904 substituunt
522 1870 555 1904 ex
571 1855 649 1906 codd.
666 1856 740 1906 Terr.
761 1857 847 1908 ilraev.
859 1857 969 1908 Cessub.
989 1855 1045 1921 (qui
1062 1857 1141 1906 etism
1157 1856 1213 1905 vult
1229 1854 1322 1918 primus
1332 1853 1367 1915 is)

760 1999 867 2052 NOTAE

263 2109 431 2173 comparatio,
447 2109 502 2159 sive
523 2110 658 2174 propertio
680 2111 794 2161 nomine·
867 2111 1016 2162 'Citemors
1039 2107 1132 2171 Gallie]
1163 2105 1298 2172 Cisalpine
1320 2119 1365 2156 seu

192 2225 194 2228 .
264 2193 317 2234 tur·
348 2184 431 2248 Cujus
443 2185 499 2236 brec
512 2187 550 2235 sis
561 2194 613 2250 est,
628 2193 658 2236 ut
668 2188 738 2252 qued
749 2189 795 2237 du·
834 2187 945 2251 Tegris.
964 2185 1112 2235 lombardie.

263 2258 334 2310 bium
346 2265 396 2320 est,
408 2260 440 2310 ed
452 2261 555 2324 aliquod
566 2261 649 2312 simile
661 2261 728 2326 qued
744 2275 794 2313 non
867 2270 878 2296 '
891 2262 1051 2312 Cosoestibus
1062 2259 1178 2324 perustis]
1197 2259 1238 2307 De
1249 2257 1288 2306 iris
1301 2255 1363 2320 quid

262 2342 304 2385 est
315 2335 419 2386 dubium
431 2336 571 2400 referetur,
582 2345 613 2388 ut
623 2338 724 2388 incerte
738 2352 794 2387 cer·
834 2338 886 2388 sint
895 2351 974 2401 supra
984 2351 1008 2386 e.
1019 2343 1043 2386 b.
1076 2334 1206 2384 Videntur
1215 2333 1273 2382 bec
1284 2332 1365 2382 serbe

262 2410 298 2460 tis
316 2412 468 2474 probentur,
490 2415 541 2464 dec.
559 2425 617 2462 orm
640 2413 794 2476 regulariter
834 2413 954 2462 exibitio
966 2412 1009 2461 lib.
1021 2425 1047 2461 v.
1062 2411 1358 2470 Communeexcerpte.

263 2491 314 2545 est,
326 2484 386 2533 dum
396 2486 490 2548 queris
501 2493 586 2536 utrum
599 2491 686 2536 tremes
699 2500 795 2536 msscu·
866 2495 882 2522 Ι
899 2486 1041 2536 Mundensis
1054 2483 1147 2549 prelis]
1165 2483 1288 2533 Omnium
1307 2481 1367 2534 ulti·

262 2557 344 2607 linum
362 2573 394 2608 eu
410 2557 570 2609 foemininum
585 2561 633 2620 sit;
646 2561 735 2611 similis
753 2570 795 2610 est
833 2566 885 2615 rui:
904 2566 1023 2614 Lueeuus
1033 2563 1080 2613 lib.
1091 2577 1110 2612 1.
1124 2562 1157 2610 nb
1168 2560 1260 2609 initio⁴
1272 2558 1365 2608 ultime

262 2635 301 2684 iili
313 2636 421 2685 inomni
433 2635 609 2686 declinetionc
618 2637 695 2700 limes,
706 2645 734 2686 ct
744 2639 795 2688 erit
833 2639 938 2691 funeste
954 2643 1110 2690 concurrent
1129 2635 1219 2702 praelis
1238 2634 1339 2684 Muods
1348 2631 1366 2682 :'

264 2711 440 2762 msscrrlinnm.
484 2711 551 2760 Item
567 2711 638 2771 furris
658 2713 680 2760 si
701 2713 796 2762 incerti
835 2714 868 2765 de
881 2730 964 2780 quoe.
975 2719 1017 2764 id.
1029 2720 1056 2762 el
1068 2719 1110 2763 55.

265 2789 367 2852 generis
390 2803 448 2839 esse
469 2787 563 2850 eredis,
585 2788 674 2838 similis
696 2794 737 2837 est
757 2789 798 2839 illi
866 2797 880 2824 ¹
898 2790 1041 2852 Hispaniam
1053 2785 1199 2849 uberiorem]
1215 2785 1280 2850 cip.
1292 2790 1319 2835 t.

263 2861 334 2926 prsis
343 2862 368 2911 in
381 2861 565 2926 declinatione,
576 2869 604 2910 et
616 2863 667 2912 erit
680 2863 797 2913 musculi·
868 2873 879 2908 r
897 2866 943 2916 IV.
956 2870 980 2914 ee
992 2863 1056 2914 XX.
1067 2863 1117 2926 die]
1134 2861 1231 2911 Hicin
1246 2860 1366 2911 omnibus

265 2934 403 2997 nnm,’&c.
433 2936 532 2984 Extant
543 2935 612 2998 sputi
623 2935 737 2986 Gellium
748 2937 795 2987 lib.
836 2940 969 2991 codicibus
988 2938 1108 2988 mendum
1127 2937 1262 3000 irrepsisse
1274 2934 1369 2985 scribit

265 3023 325 3062 xix.
341 3026 399 3076 esp.
411 3017 436 3062 e.
453 3011 574 3060 nonnulle
587 3026 620 3060 ex
637 3025 669 3062 eo
685 3013 795 3063 cesaris
836 3015 1014 3076 emaubonus,
1035 3020 1063 3062 et
1084 3011 1239 3061 sirctoritste
1260 3009 1368 3060 ureco-

263 3085 795 3152 librodecerpts‚etedciceronemserip-
836 3105 892 3141 snm
913 3088 1048 3140 scribonis
1066 3087 1176 3150 seilicet,
1195 3091 1224 3134 et
1240 3081 1368 3147 Appisoi,

265 3166 321 3210 tum
339 3159 388 3210 boc
408 3174 473 3224 opos
489 3159 570 3212 fuisse
589 3168 682 3212 eretur
700 3161 795 3213 ibidem
835 3166 958 3218 emendet
975 3177 1029 3216 vri.
1050 3170 1079 3213 st
1100 3175 1149 3212 xx.
1167 3167 1278 3224 uterque
1297 3159 1369 3208 enim

265 3241 307 3285 est
319 3234 430 3296 Gellius,
438 3236 512 3299 cuius
522 3235 797 3287 auctontete‘rmreo·
835 3243 897 3292 ini
908 3239 947 3290 rel
958 3237 1150 3302 dewtslpipeu
1160 3235 1272 3299 scripsit.
1288 3233 1369 3283 Unde

266 3309 319 3357 tius
340 3310 471 3358 existimet
493 3308 630 3362 referende
647 3311 697 3362 huc
719 3311 799 3362 verbs
835 3316 921 3366 fusilis
938 3316 964 3364 iu
981 3313 1086 3364 bstinos
1102 3323 1223 3361 uumerus
1239 3321 1323 3370 erres,
1339 3312 1370 3356 ut

263 3381 317 3431 ‘sd
330 3383 501 3445 Ciceronem,'
521 3399 580 3448 quse
597 3401 657 3434 mox
676 3388 800 3450 leguntur
840 3391 870 3440 V.
889 3404 936 3453 pro
948 3389 987 3436 11.
1005 3385 1153 3451 exscriptor
1171 3383 1274 3448 quidem
1293 3393 1369 3432 ecce·

163 3445 167 3452 ’
266 3455 345 3507 inire.
365 3456 460 3520 Angeli
472 3471 532 3506 sero
544 3457 667 3506 Politieoi
679 3458 745 3508 liber
756 3460 800 3509 bs·
838 3463 916 3525 perit.

267 3532 315 3581 bet
325 3532 333 3560 ‘
344 3531 377 3579 de
392 3529 519 3592 Auslegis
531 3531 562 3580 sd
575 3531 722 3593 Nerouem,'
733 3536 783 3584 dre.
869 3545 880 3570 ¹
897 3537 937 3586 Ad
945 3535 1056 3599 pogium]
1069 3531 1180 3584 cssuub.
1189 3541 1217 3583 et
1223 3534 1298 3582 Torr.
1306 3533 1369 3582 msi-

298 3609 307 3639 ²
321 3604 489 3667 Anticatones]
517 3603 573 3654 Hos
593 3612 687 3655 contre
702 3605 798 3657 editum
838 3609 893 3659 lent
902 3609 942 3658 iric
951 3609 1052 3672 primu,
1065 3607 1136 3672 qnod
1147 3615 1175 3657 et
1185 3607 1308 3672 cognorit
1318 3607 1369 3656 iir-

266 3684 374 3734 cetenis
386 3681 560 3732 isudstionem
569 3681 686 3746 scripsit,
696 3683 798 3747 sttupe·
837 3685 886 3734 sini
908 3684 960 3734 bis.
999 3685 1165 3734 comentem
1185 3682 1303 3746 pluribus
1317 3695 1369 3731 non

268 3761 395 3808 rationem
408 3771 480 3806 suum
497 3770 554 3806 esse
570 3755 661 3806 lendes
675 3757 743 3808 iliius
754 3773 797 3807 ex·
838 3757 1007 3808 uterenturin
1019 3757 1167 3818 scribendo,
1177 3756 1323 3820 presertim
1334 3755 1368 3804 sd

267 3833 392 3883 istimnns.
414 3833 469 3881 *De
490 3831 580 3880 iterum
598 3844 704 3881 uomere
721 3831 798 3883 libre·
837 3833 971 3897 Senatum,
990 3833 1031 3881 vel
1049 3833 1186 3893 Consules,
1201 3829 1370 3896 peginimsed

268 3923 325 3958 snm
341 3906 468 3958 Suetonio
477 3906 633 3970 astipuletur
647 3904 797 3958 iuvenalis:
840 3910 928 3959 citeris
938 3907 1047 3971 simplici
1059 3912 1214 3968 tmnsrerrs,
1224 3914 1253 3955 ut
1270 3911 1326 3955 tete
1336 3904 1372 3953 si·

267 3983 403 4046 ‘Maiores
415 3995 490 4046 quem
502 3983 554 4030 siut
565 3981 616 4031 due
625 3982 737 4032 Cereris
747 3983 800 4033 An·
839 3983 892 4034 mul
903 3983 936 4033 ob
947 3981 1154 4045 ecoloseplstois
1163 3981 1371 4046 ponereturmoe

268 4055 417 4106 tiestenes!
462 4055 548 4120 Hujus
572 4056 660 4118 operis
686 4057 801 4107 meminit
840 4058 930 4108 cteser
947 4056 1104 4120 immutarit,
1120 4057 1370 4121 cirrrtssimutpe·

269 4133 349 4183 etism
361 4133 478 4184 Plutsrc.
490 4133 516 4182 in
528 4133 643 4196 Cerere,
660 4133 750 4186 stetim
767 4134 800 4185 sb
841 4133 914 4198 giuss
925 4133 1013 4196 plures
1024 4129 1151 4192 efficeret,
1164 4129 1329 4194 compllcsts.

272 4207 357 4259 inille.
873 4216 885 4242 ²
901 4207 1048 4268 Etferrrurs
1064 4206 1219 4271 morielis]
1236 4206 1280 4257 An
1295 4207 1371 4256 eber·
