3120 4926
632 426 836 478 ranrnrro.
1264 417 1286 480 7

186 571 313 649 tellexi,
328 570 390 647 ita,
406 569 463 634 ubi
488 567 727 636 discedendum
746 572 921 655 putabam,
937 592 1004 638 oon
1024 573 1128 640 'mmor
1148 573 1184 640 id
1206 575 1284 655 ieci,

185 693 286 756 quam
302 679 340 738 nt
353 669 529 738 modestiae
542 689 710 754 numnam
733 673 905 740 immemor
919 675 1057 741 viderer.
1102 673 1157 740 Ne
1171 684 1283 742 autem

183 775 280 839 nulle
293 792 428 856 prorsus
442 790 487 836 ex
501 791 592 837 nova
606 772 766 840 librorum
781 775 960 842 collatione
986 775 1144 842 editionis
1160 782 1283 844 nostra

182 882 297 940 essem
326 881 532 951 ornamenta,
561 875 824 941 communicavit
851 897 986 942 mecum
1009 875 1081 942 cet
1108 876 1282 956 mitilenus,

181 995 262 1059 qum
276 981 329 1040 eet
342 975 579 1040 humanissimo
595 975 665 1040 viro
680 977 784 1041 etiam
799 996 876 1060 erga
895 997 1023 1044 uorum
1037 979 1072 1044 iu
1087 997 1123 1043 re
1136 979 1283 1046 literaria

182 1077 354 1142 homiuem
369 1077 609 1155 benevolentia,
623 1077 801 1146 editionem
825 1079 1067 1146 Ptentiuianam
1092 1081 1171 1147 anni
1186 1081 1280 1148 lma.

183 1197 207 1242 a
221 1178 322 1244 Petro
337 1179 502 1244 Scriverio
524 1187 749 1262 procuratam,
765 1181 808 1246 ad
824 1179 923 1265 cujus
943 1181 1120 1262 marginem
1136 1183 1188 1245 vir
1201 1182 1281 1248 doc·

183 1284 239 1342 tus
253 1280 447 1344 varietatem
470 1280 603 1344 noterit
624 1278 764 1358 codicis,
779 1281 823 1346 de
842 1301 911 1365 quo
933 1281 1008 1363 ipse
1030 1281 1125 1346 initio
1145 1283 1221 1346 iibri
1236 1283 1282 1347 ita

181 1381 339 1462 scripsit:
363 1386 372 1414 ‘
388 1381 541 1446 Gmsnrcs
557 1381 708 1446 Suetonii
723 1383 850 1448 contriti
861 1401 938 1448 cnm
954 1382 1015 1447 cd.
1033 1381 1103 1447 Me.
1118 1383 1281 1450 neutru—

180 1500 302 1559 naceo,
314 1501 358 1546 ox
371 1482 576 1547 bibliotheca
592 1482 706 1548 Nicot.
717 1482 792 1548 Jos.
807 1483 970 1548 Foueault
982 1483 1125 1548 Comitis
1140 1482 1282 1550 Consis-

181 1582 312 1658 torieni,
327 1582 425 1646 boum
438 1589 542 1658 notae,
557 1580 616 1646 sed
630 1583 807 1650 admodum
819 1584 941 1648 recenti
956 1603 965 1662 ;
988 1585 1020 1647 iu
1038 1583 1136 1667 cujus
1151 1583 1216 1648 fine
1230 1584 1279 1650 le-

179 1683 336 1764 gebatur:
357 1682 418 1748 Ja.
436 1699 485 1747 nn
509 1683 743 1750 nonnarum
762 1686 884 1750 Rounr
902 1686 997 1750 trec
1020 1701 1091 1750 xx.
1109 1701 1165 1750 nn.
1183 1702 1279 1768 rtur·

183 1799 259 1849 vrr.
299 1783 423 1848 Graeca
436 1783 575 1849 deerant
589 1785 705 1849 reiioto
720 1785 855 1869 spatio?
899 1787 953 1850 De
967 1788 1106 1869 reliquis
1124 1786 1279 1852 Suetonii
1396 1873 1400 1880 .

180 1885 642 1968 scriptisidemeodemloco:
664 1887 824 1952 ‘Librum
835 1887 878 1952 de
889 1887 1129 1954 Grammaticis
1140 1892 1175 1952 et
1187 1887 1277 1952 Rhe·

179 1987 309 2050 toribus
324 1985 452 2052 contuli
467 2005 542 2050 cum
558 1987 698 2070 andqoa
714 1989 872 2066 editione,
887 1990 922 2054 in
938 1989 1036 2074 cujus
1057 1990 1151 2054 calce
1165 1993 1279 2054 exeta-

179 2087 257 2152 oet:
282 2083 463 2170 Inpreasaru
483 2084 648 2152 Florentia
662 2089 748 2172 apud
770 2089 919 2154 Sanctam
936 2088 1090 2155 ducebam
1104 2089 1141 2154 de
1159 2085 1278 2172 Ripoli.

180 2204 576 2253 nocccnxxv111.auuo
597 2189 694 2254 1738.
715 2210 828 2255 mense
842 2190 951 2273 Aprili
974 2197 1008 2254 et
1029 2191 1125 2256 Maio
1145 2191 1179 2256 in
1195 2191 1277 2258 bibi.

179 2287 322 2354 Senatus
344 2287 552 2371 Lipsiensis!
595 2287 649 2354 Ac
665 2288 706 2354 de
720 2289 784 2354 hac
799 2290 935 2374 quidem
957 2291 1113 2368 editione,
1129 2292 1216 2356 satis
1236 2310 1277 2357 ea

177 2397 260 2455 notu
272 2397 309 2453 et
322 2398 583 2456 commemorata
604 2391 704 2458 etiam
721 2411 742 2457 a
759 2393 953 2476 Bipontinis
976 2394 1012 2458 io
1031 2391 1164 2458 Notitia
1186 2392 1277 2458 Lite·

178 2491 267 2556 raria
282 2491 325 2555 de
338 2491 499 2556 Suetonio
516 2491 715 2575 Tranquillo
730 2511 809 2576 pag.
828 2508 921 2569 xva,
935 2491 1045 2558 dicere
1066 2512 1132 2558 non
1147 2493 1275 2560 attinet.

177 2589 318 2656 Codicis
333 2600 446 2656 autem
461 2593 657 2658 renotatam
673 2597 828 2678 excerpsi
854 2614 997 2672 omnem,
1012 2595 1164 2676 libroque
1189 2614 1276 2677 prm·

177 2695 254 2759 misi
267 2693 359 2758 haud
372 2700 541 2772 mutntnm,
554 2699 593 2759 nt
605 2695 692 2760 adeo
713 2695 940 2760 admonitione
953 2713 1017 2760 nen
1030 2713 1117 2777 opus
1132 2694 1189 2772 sit,
1202 2695 1275 2758 rul-

177 2803 303 2878 gutum,
317 2815 340 2860 a
363 2814 431 2877 quo
453 2795 609 2873 discedit,
623 2801 749 2860 textum
769 2814 842 2860 essa
864 2795 1024 2860 editionis
1038 2794 1274 2877 Scriveriauaa3

174 2899 441 2981 transcripsique
454 2897 554 2964 mam
580 2898 770 2975 manifesta,
792 2899 916 2980 quibus
938 2901 1055 2972 scatet,
1071 2897 1163 2974 uitia,
1178 2902 1215 2964 ut
1229 2918 1275 2962 ex

175 3001 387 3066 librariorum
402 3001 566 3064 erroribrm
585 3000 837 3082 depravationis
859 2999 1020 3080 originem
1032 3002 1065 3061 et
1078 3015 1274 3080 progressus

175 3101 298 3166 tirones
320 3099 497 3164 discerent.
540 3099 707 3177 Ceterum,
722 3101 780 3183 qui
803 3100 995 3183 diligentius
1020 3117 1097 3164 eam
1110 3099 1273 3170 ¹collatio·

175 3221 249 3266 nem
265 3201 519 3283 comparaverit,
534 3203 666 3266 omuino
688 3219 803 3284 parum
820 3209 979 3266 accurate
1000 3200 1183 3275 linearium,
1198 3200 1273 3280 qui·

177 3321 320 3384 musque
336 3301 393 3366 iile
401 3300 513 3377 suerit,
521 3301 556 3364 in
570 3302 705 3382 negotio
714 3309 885 3366 versatum
898 3299 1143 3376 torneamenta
1159 3305 1272 3363 tamen

175 3401 264 3468 locis
279 3403 477 3484 optimorum
497 3399 597 3466 codd.
620 3401 793 3464 lectionem
815 3401 882 3465 isto
906 3399 1106 3478 confirmari,
1130 3401 1273 3465 munni-

175 3503 219 3568 iis
242 3501 443 3584 singularem
466 3518 599 3584 quoque
624 3519 731 3583 neque
758 3500 904 3586 ineptam
929 3500 1094 3578 exhiberi,
1121 3501 1272 3566 ammed-

175 3607 291 3670 uertet

220 3702 410 3768 Dicendum
420 3703 493 3787 jam
509 3702 550 3766 de
564 3704 812 3782 commentario,
829 3723 927 3787 quem
949 3703 1034 3767 finer
1049 3709 1150 3767 antea
1167 3703 1272 3786 scrip-

177 3811 232 3869 tos
245 3821 431 3887 egressum,
445 3805 518 3888 ipae
531 3821 599 3868 uon
611 3805 743 3886 negari.
787 3804 867 3868 Fuit
889 3809 1001 3868 autem
1017 3803 1096 3869 mihi
1111 3803 1145 3866 in
1155 3803 1272 3867 etabo·

172 3905 279 3970 raudo
294 3925 336 3969 eo
352 3905 532 3970 consilium
552 3905 629 3982 hoc,
643 3913 680 3969 ut
697 3905 851 3990 juvenes,
867 3923 1009 3988 querrrm
1031 3903 1272 3970 institutionem

174 4006 324 4082 maxime
339 4011 469 4089 spectat
484 4024 583 4088 opus,
597 4010 631 4070 et
644 4013 884 4087 cognoscerent
898 4005 1015 4081 sontes,
1030 4024 1049 4069 o
1064 4006 1188 4091 quibua
1205 4007 1273 4071 sin*

175 4108 264 4192 gulae
280 4113 396 4190 partes
411 4107 571 4183 tristoriae,
586 4125 686 4189 qnam
701 4110 825 4174 tractat
846 4107 1035 4190 Suetonius,
1047 4108 1186 4174 uberius
1204 4107 1272 4191 peti

174 4215 329 4298 ponunt,
343 4214 378 4274 ct
399 4208 435 4272 in
453 4209 529 4290 ipsa
550 4209 692 4277 lectione
706 4210 758 4275 rel
782 4210 927 4287 privata,
941 4209 993 4271 unt
1015 4210 1165 4284 publiea,
1181 4227 1272 4264 oeen-
