3216 4918
663 403 853 451 arnustus.
1236 391 1300 454 431

206 549 285 610 dnm
303 545 460 625 instituit,
477 546 550 611 sine
564 545 678 610 liotore
693 554 753 610 aut
774 547 900 612 viatore
924 547 1118 631 gymnasia³
1135 547 1301 622 interdum

206 648 439 724 obambulans,
477 653 658 729 mutuaque
688 665 764 710 oum
787 645 955 712 Graecntis
982 647 1095 712 officia
1126 667 1301 732 usurpans,

205 768 310 832 prope
339 769 382 813 ex
414 768 523 832 aequo.
570 748 671 813 Forte
696 747 890 831 quondam4
913 749 949 812 in
979 749 1203 832 disponendo.
1220 752 1299 815 dia⁸

205 870 300 915 mane
329 851 544 934 praedixerat,
569 851 730 934 quicquid
757 857 939 932 aegrorum⁵
970 851 1004 912 in
1034 852 1173 916 civitate
1200 858 1300 928 esset,

205 953 338 1016 visitare
351 972 389 1015 se
404 953 512 1017 velie:
535 952 571 1015 id
595 971 617 1016 a
631 950 792 1035 proximis
816 951 912 1015 aliter
930 957 1110 1034 exceptum
1123 973 1132 1017 ι
1143 951 1177 992 ⁶¹¹
1195 954 1301 1037 jussi·
1330 991 1333 998 ,

205 1073 270 1136 que
283 1061 361 1117 sunt
376 1073 491 1118 omnes
507 1054 588 1135 aegri
611 1054 645 1116 in
666 1054 835 1136 publicam
850 1055 1016 1134 porticum
1038 1043 1167 1131 deferri,
1183 1073 1224 1118 ae
1241 1075 1301 1137 par
1360 1126 1363 1133 ,

206 1153 440 1217 valetudinum
467 1151 605 1237 genera¹
634 1154 778 1236 disponi.
837 1153 1043 1218 Perculsus⁷
1069 1156 1167 1236 igitur
1196 1156 1300 1238 inopi-

205 1263 286 1320 nata
303 1275 349 1333 ro,
365 1257 424 1320 diu
440 1256 519 1340 quid
543 1263 659 1338 ageret
672 1257 831 1334 incertus,
845 1255 976 1320 tamen8
1002 1257 1147 1339 singulos
1163 1257 1280 1322 circuit
1295 1279 1304 1337 ;

205 1556 244 1600 tus
263 1552 321 1615 an.
342 1557 370 1600 et
387 1553 439 1602 lres'e
458 1552 525 1602 Edd.
544 1553 655 1603 casaub.
676 1551 757 1601 Serir.
775 1551 864 1602 Graev.
883 1553 1013 1603 (irem-3
1029 1552 1072 1601 Sic
1089 1567 1146 1602 cum
1165 1567 1214 1603 uno
1227 1554 1302 1603 Torr.

204 1617 310 1664 Mamm.
329 1623 357 1664 et
379 1617 444 1664 Edd.
462 1619 551 1680 Cemp-
571 1618 654 1679 Lugii.
674 1621 813 1676 reposuere
833 1613 944 1666 Caisub.
966 1617 1052 1666 Graev.
1073 1618 1142 1667 Oud.
1155 1625 1180 1667 et
1192 1619 1302 1680 Baumg.

204 1680 256 1728 Atii
269 1683 504 1744 tuenturgysmsasio
515 1695 573 1730 eum
586 1682 648 1730 ltlss.
660 1690 687 1728 et
700 1679 767 1728 Edd.
780 1687 879 1730 tantum
892 1695 942 1731 nou
953 1681 1079 1730 omnibus.
1113 1682 1175 1730 Mox
1186 1682 1211 1730 in
1223 1683 1301 1731 Vind.

205 1749 227 1793 1.
238 1743 280 1808 off.
291 1749 461 1806 occupans.-s
475 1745 518 1794 Its
529 1745 652 1794 exhibent
663 1745 769 1793 Memm-
781 1745 845 1808 Cop.
859 1745 976 1795 Heriem.
989 1745 1085 1794 Medic.
1098 1745 1178 1794 Polit.
1190 1757 1301 1810 stratone

203 1807 281 1856 Vind.
292 1810 365 1856 Torr.
377 1809 455 1858 Fons.
470 1811 538 1859 Dan.
550 1823 608 1857 curn
624 1808 691 1858 Edd.
705 1809 779 1858 Vert.
794 1818 890 1872 praeter
902 1810 975 1858 Rom.
986 1809 1043 1857 ald.
1056 1809 1144 1872 Steplr.
1155 1810 1238 1874 Lugd.
1249 1824 1302 1872 qva

202 1873 300 1934 prodam
311 1873 383 1921 dant.
416 1873 504 1922 Greav.
517 1873 586 1936 conj.
598 1871 730 1922 seribend.
742 1876 850 1933 arwam.
885 1875 964 1923 Deest
969 1874 1037 1933 forte
1048 1874 1114 1923 Edd.
1128 1875 1194 1923 Bon·
1205 1873 1301 1925 Sabell.

204 1935 276 1985 Med.
286 1936 407 1985 esim-a
423 1937 549 1986 Emendat
560 1938 625 1986 'l'am
639 1938 730 1991 Faber,
742 1937 864 1995 libror-sm,
876 1937 965 1986 Graes.
978 1938 1115 1999 Graiorum,
1132 1938 1221 1987 Burm.
1233 1954 1302 2001 equo·

202 2014 263 2048 ram.
286 2001 359 2049 Terr.
379 2002 466 2064 placet
485 2016 605 2064 agrorum,
622 2002 691 2064 qnod
710 2001 814 2049 exhibet
828 2015 892 2048 unns
905 2015 936 2048 ex
953 2000 1173 2050 struendarum
1185 2002 1264 2050 vino.
1279 2009 1300 2053 1.

203 2072 230 2113 et
244 2064 292 2112 Ed.
305 2065 389 2113 Paria.
401 2074 428 2113 et
439 2065 498 2112 olim
513 2066 581 2127 lips.
597 2066 647 2113 Me.
665 2078 711 2112 sno
722 2065 888 2125 ascripserat.
914 2065 1069 2124 AEgrotoram
1082 2065 1140 2113 Pal.
1155 2080 1229 2126 unns,
1242 2068 1301 2114 reli·

203 2129 246 2192 qui
259 2135 364 2176 tuentur
376 2129 443 2192 vulg.
454 2143 580 2190 ugr-oram,
596 2127 664 2192 qaod
677 2128 816 2175 vendicent
827 2127 899 2176 Oud.
910 2129 973 2176 Ern.
1007 2127 1096 2177 Habet
1107 2129 1213 2178 Mamm.
1225 2131 1301 2178 nitore

203 2205 236 2240 ee.
260 2191 343 2239 Paulo
361 2198 420 2240 ante
436 2191 461 2239 in
482 2195 549 2242 Dua.
567 2194 787 2256 predixerant—ti
804 2191 834 2240 ln
847 2191 914 2239 Edd.
926 2191 1079 2255 qrribnsdam
1091 2198 1182 2255 except.
1193 2197 1235 2247 est.
1254 2195 1300 2242 sed

203 2255 300 2303 delerit
312 2255 400 2303 Burni.
412 2271 426 2305 e
437 2255 488 2303 suis
500 2257 565 2305 Mes.
578 2264 605 2306 et
617 2255 683 2304 Edd.
692 2257 764 2304 Vett.
776 2269 825 2304 nee
834 2264 967 2317 comperet
979 2257 1003 2303 iu
1012 2255 1110 2305 Medic.
1122 2259 1148 2304 2.
1156 2260 1179 2306 a.
1191 2264 1300 2322 utroque

203 2318 282 2368 Vind.
296 2319 403 2367 Momm.
420 2321 493 2369 Corr.
514 2322 590 2368 Fene.
609 2319 683 2369 Voss.
696 2329 741 2368 aut
753 2319 804 2368 ulle
816 2319 864 2368 Ed.
878 2327 938 2368 ante
949 2321 1009 2368 Bas.
1043 2320 1108 2368 Dein
1120 2322 1176 2380 agri
1185 2321 1264 2370 vind.
1276 2326 1300 2370 l.

203 2391 229 2432 et
241 2383 266 2431 in
277 2383 395 2446 publicam
409 2383 523 2433 Heriem.
535 2384 602 2434 aad:
617 2384 707 2446 Csmp.
718 2384 784 2432 Van.
800 2387 870 2432 1.-7
890 2384 959 2433 Oud.
976 2391 1004 2433 et
1021 2385 1081 2433 Era.
1094 2384 1198 2432 videtur
1210 2387 1301 2434 reseri-

203 2447 281 2496 beud.
297 2463 425 2510 percamus,
444 2450 603 2497 assentiente
623 2448 724 2496 Rnbnlr.
742 2447 829 2495 invitis
849 2454 935 2496 tamen
954 2447 1019 2497 bles.
1053 2449 1105 2496 Pro
1115 2447 1193 2510 igiter
1205 2449 1302 2499 bsbent

203 2510 572 2625 itti‘iiztittixtt·
585 2510 782 2624 Filitilflss
793 2511 915 2624 i’r'aavi‘i
927 2526 1007 2625 'titt
1025 2512 1301 2627 little-:itt

202 2653 246 2702 que
258 2590 333 2687 llinis.
351 2592 437 2703 displice
455 2612 574 2703 prabenr'
591 2639 653 2688 item
668 2591 766 2689 Medic.
783 2643 807 2688 8.
828 2606 982 2704 Foue.·(qrri
1001 2591 1221 2704 {spintrias-gir
1240 2643 1301 2706 rui.)

203 2703 349 2768 probatque
361 2705 480 2755 Ond.-8
499 2706 541 2755 lta
555 2705 670 2756 Heriem.
683 2705 753 2754 Dnn.
766 2705 861 2769 aliique
877 2704 953 2755 codd.
965 2719 1023 2755 enta
1036 2705 1103 2755 Edd.
1113 2707 1188 2758 Vett.
1197 2704 1252 2756 fere
1265 2706 1300 2756 0.

696 2865 803 2916 NOTAE

233 2968 246 3004 ε
266 2961 416 3023 Disporreado
426 2963 477 3026 die]
494 2963 552 3012 Hoc
562 2969 601 3011 est
612 2963 726 3012 dividen-
768 2961 928 3025 probabilior
941 2961 1044 3011 ridetur
1060 2961 1212 3012 Salmasisni
1229 2962 1300 3012 codi-

203 3035 241 3084 dis
254 3035 305 3085 diei
316 3038 450 3099 enjusdam
471 3038 684 3101 oecrrpatiouibns
701 3046 727 3086 et
769 3039 806 3086 eis
823 3037 912 3098 lectio,
928 3037 1014 3100 edere,
1034 3049 1109 3100 quam
1127 3039 1299 3094 Torrentisni,

202 3113 279 3172 euris,
302 3113 370 3175 qnod
394 3113 597 3176 diligentissimis
628 3126 729 3177 quoqne
769 3125 900 3172 ormnem
916 3112 1111 3174 quamvisenim
1125 3111 1299 3161 Latinadioe-

202 3185 350 3236 factitatum
363 3196 411 3245 est,
431 3189 512 3238 ursui
536 3189 585 3238 sibi
606 3188 730 3250 temporis
772 3192 853 3242 retur,
865 3187 969 3233 visitare
988 3199 1074 3248 agros,
1085 3186 1154 3249 qnod
1171 3187 1247 3250 paulo
1263 3189 1300 3236 vi-

203 3261 269 3310 rstio
278 3269 416 3311 constaret.
771 3259 848 3309 detor
867 3259 1066 3324 infrequentiae,
1084 3274 1146 3310 vero
1164 3269 1249 3312 temen
1267 3264 1300 3312 sl·

234 3333 246 3367 ¹¹
264 3335 342 3385 Aliter
351 3335 484 3399 exceptum]
501 3336 585 3386 Aliter
596 3349 688 3401 nempe
701 3352 731 3388 ae
771 3337 830 3384 mile
843 3349 893 3385 non
908 3335 946 3396 tit,
958 3335 983 3383 in
1000 3334 1075 3383 Urbe
1090 3333 1300 3400 frequentissima

201 3412 258 3476 ipse
268 3414 388 3464 Tiberius
398 3417 545 3477 sentiebam
563 3416 731 3466 circumstan-
770 3425 888 3474 agrorum
908 3419 1008 3461 tentum
1024 3408 1119 3460 fuisset
1141 3413 1181 3460 cui
1199 3413 1300 3462 accedit

203 3499 242 3540 tes
254 3493 321 3541 enim
334 3493 517 3542 existimavere
534 3490 561 3540 id
576 3506 607 3540 eo
622 3493 731 3542 oonsilio
769 3489 837 3553 qnod
857 3498 884 3539 et
903 3490 1010 3540 aliorum
1023 3490 1173 3552 Principum
1193 3490 1301 3541 laudata

203 3567 263 3627 dici,
273 3577 303 3616 m
318 3569 342 3616 id
356 3569 422 3631 qrrod
436 3568 534 3618 taetrum
549 3577 600 3632 est,
615 3576 660 3618 srrt
678 3571 730 3618 rste
770 3564 917 3628 reperiatur
929 3566 1019 3614 eadem
1036 3565 1061 3612 in
1079 3578 1162 3628 agros
1182 3566 1300 3628 comitas,

203 3641 263 3704 qnid
274 3641 421 3692 faciendum
437 3645 566 3705 inniterer,
579 3652 608 3694 nt
620 3660 731 3696 commo·
770 3639 842 3688 utus
853 3638 989 3688 Hadriano
1007 3639 1169 3701 Spartianus,
1190 3639 1223 3688 de
1237 3640 1300 3688 i're-

202 3715 236 3763 do
253 3731 298 3764 suo
317 3719 396 3775 magis
414 3721 606 3780 consuleretur;
624 3737 680 3784 qna
694 3729 731 3771 ι..
765 3714 830 3777 jano
842 3721 870 3764 et
881 3714 1007 3763 Gratiano
1027 3714 1152 3763 Ausonius
1171 3717 1198 3764 in
1214 3717 1299 3764 Pane-

203 3804 260 3838 men
276 3791 332 3852 ejus
345 3806 415 3840 mens
428 3807 475 3840 non
495 3801 560 3856 eret,
577 3795 622 3842 sed
640 3804 732 3846 eontra
771 3790 870 3852 syrico,
893 3798 920 3838 01
940 3789 972 3837 de
988 3790 1045 3853 ipio
1064 3789 1167 3838 Ἰῖδθῐὶθ
1188 3789 1241 3838 Dio
1256 3789 1300 3840 iib-

203 3866 315 3929 ,iugulos
335 3864 403 3914 domi
423 3867 540 3916 inviter-0,
573 3870 732 3930 Expriffltio.
771 3877 840 3913 nvrr.
858 3864 934 3915 Quod
946 3864 1298 3928 notavitTorrentlus‚qtrau·

202 3954 261 3989 nem
275 3940 340 3988 banc
354 3938 553 4002 probabiliorem
565 3939 626 3990 tacit
639 3941 732 3992 velleii
771 3954 846 4003 qnam
857 3934 968 3998 agrarirm
977 3940 1063 4002 legere
1074 3940 1155 3990 malit.

204 4013 359 4074 auctoritem
382 4013 422 4061 tric
442 4014 509 4062 enim
528 4012 571 4061 lib.
588 4027 619 4062 rr.
640 4028 662 4064 c.
675 4018 732 4065 114.
812 4013 1004 4063 waleramnum
1024 4014 1123 4077 genera]
1150 4012 1297 4066 Seerrndum

203 4090 269 4137 bene
282 4089 362 4151 ipsam
382 4088 480 4138 Tiberii
499 4089 524 4137 in
537 4097 649 4152 aegrotos
668 4089 731 4140 alios
772 4087 855 4136 varias
866 4087 1012 4136 morborum
1022 4085 1196 4138 differentias:
1209 4096 1238 4138 ut
1247 4103 1298 4138 nae

204 4163 389 4213 humanitatem
401 4162 498 4212 lsndst.
519 4163 595 4215 Quod
609 4165 630 4212 si
643 4165 731 4229 verbs,
771 4176 796 4210 r.
809 4176 834 4225 g.
845 4155 901 4210 loeo
913 4161 1023 4226 podagri
1042 4163 1117 4214 simul
1135 4177 1231 4220 ornnes,
1247 4165 1298 4213 alio

204 4250 256 4285 non
278 4252 378 4286 renerum
400 4238 476 4287 aliter
498 4245 633 4300 acceptum
658 4240 731 4303 velis,
772 4237 1018 4294 febricitantee,&e.
1186 4239 1190 4246 “
