3120 4926
594 457 601 468 “
646 449 795 500 tvpivs-
1225 439 1268 506 35

169 590 304 674 gentia¹
324 587 455 658 familia
468 592 520 654 cat
534 595 658 657 nostra.
701 591 766 656 Est
781 611 858 674 ergo
873 592 907 659 in
923 609 1042 676 genere
1056 599 1092 660 et
1105 597 1271 664 aanctitaa

168 711 297 775 regum,
312 693 370 775 qui
393 691 574 776 plurimum
595 693 683 758 inter
699 693 854 759 homines
868 695 1006 777 pollent,
1022 703 1059 762 et
1081 697 1272 766 cterimonia

163 793 337 870 Deorum,
351 793 573 877 quorumipei
587 795 620 858 in
633 799 800 877 potestate
813 800 890 860 sunt
903 795 1023 879 reges!
1044 797 1086 862 Iu
1101 797 1269 870 Cornelia

171 903 293 960 autern-
301 894 412 960 locum
425 894 623 979 Pompeiam
637 894 761 973 duxit)
774 895 819 973 Q.
829 895 987 980 Pompeii
1000 897 1117 977 tiliam,
1128 899 1184 963 Ia.⁴
1194 899 1273 984 Syl-

164 998 216 1062 ]ae
231 1002 384 1079 neptem:
408 1015 484 1062 curu
498 1015 567 1080 qna
589 996 709 1062 deinde
730 997 910 1064 divortium
932 999 1028 1077 iecit,
1050 999 1273 1067 adulteratam

161 1099 376 1188 opinatus-n
399 1096 441 1162 P.
456 1096 597 1178 Clodio;
623 1117 724 1180 quern
751 1097 836 1162 inter
861 1099 1017 1182 publicae
1040 1101 1272 1167 eumeniae*

163 1201 369 1280 ,penebaaae
399 1197 444 1262 cd
470 1215 546 1262 eam
570 1197 726 1262 muliebri
752 1205 877 1277 acatc,⁵
904 1205 973 1265 tam
999 1205 1159 1266 constans
1183 1202 1274 1268 tamn

164 1303 258 1376 ,erat
272 1304 312 1362 ut
326 1298 477 1364 Semina.
488 1300 709 1382 quaestionem
724 1297 924 1384 deputatis
944 1301 1052 1366 sacris
1067 1300 1273 1368 decreverit⁶

172 1399 235 1482 [7.]
251 1399 423 1478 Quaestori
435 1399 568 1464 ulterior
579 1399 771 1484 Hispania!
787 1401 943 1466 obvenit:
957 1401 1016 1466 ubi
1028 1421 1103 1466 curn
1113 1405 1272 1469 mandatu

171 1499 377 1565 Praetoris⁷¹
394 1500 469 1583 jure
483 1500 673 1566 dicundo‘⁸
694 1511 900 1568 conventus·
914 1503 1132 1582 circumiret,⁹
1144 1503 1274 1572 Gades·

172 1599 300 1684 qnemh
329 1602 491 1680 venisset,
522 1601 759 1668 animadversa
796 1603 887 1686 apud
919 1603 1079 1670 Herculia
1113 1606 1272 1688 temptum

164 1827 169 1838 .
203 1794 217 1820 ’
232 1787 466 1850 Adiudiceadam.

633 1917 813 1944 §nanuum

171 2017 188 2064 ⁸
206 2014 309 2064 Germia
318 2015 413 2080 Copae.
431 2013 526 2064 Manna
542 2014 622 2064 docta
637 2013 670 2063 ad
689 2012 739 2065 Ed.
756 2014 850 2077 areph.
869 2015 1024 2080 ascriprerat
1039 2015 1066 2064 ia
1080 2029 1166 2078 gaam
1185 2021 1274 2075 mutae,

172 2079 217 2128 aad
230 2077 326 2140 npiiiue
337 2079 466 2129 exstantia
476 2078 535 2129 cod.
547 2076 615 2128 freta
627 2079 843 2128 auctoritate-t
853 2079 885 2127 L.
895 2079 968 2130 daeat
979 2079 1144 2128 Hancne-5
1158 2079 1196 2128 ln.
1208 2094 1239 2127 m.
1250 2094 1274 2128 e.

162 2142 249 2192 'Hala
261 2143 357 2206 Copae.
369 2143 465 2192 Medic.
478 2146 503 2192 l.
514 2143 594 2192 Barn.
607 2147 630 2191 1.
640 2140 709 2206 quod
722 2142 790 2190 Oud.
809 2149 836 2190 et
852 2141 1006 2192 iiulrnkeaiu
1019 2142 1195 2206 placabat-ti
1211 2143 1274 2192 Qui-

172 2206 232 2256 darn
250 2203 543 2264 marcianicum,
561 2207 651 2268 inepte
666 2203 799 2254 utwoliio
818 2203 930 2260 videtur,
947 2205 1016 2256 aicut
1033 2214 1062 2254 et
1074 2205 1126 2264 suit
1148 2219 1193 2269 pro
1212 2209 1273 2254 erat.

171 2273 221 2317 ·’-7
237 2271 358 2320 Mandata
370 2271 401 2320 P.
413 2271 445 2321 R.
457 2270 562 2319 Merum.
574 2268 636 2318 Par.
648 2283 736 2317 omnen
747 2277 774 2317 at
787 2268 934 2331 Ursiniani3
952 2269 1014 2317 itarn
1030 2269 1063 2320 Ρ.
1076 2269 1108 2316 R.
1121 2269 1147 2318 in
1158 2266 1237 2318 Vind.
1249 2273 1274 2319 2.

171 2333 313 2396 aientem,
325 2341 352 2383 et
364 2334 438 2384 cort.
471 2333 560 2396 Populi
572 2333 675 2382 minuat
688 2331 746 2380 Pai.
758 2338 824 2393 trea,
838 2333 931 2397 Copea.
943 2341 970 2381 et
981 2331 1030 2382 Ed.
1043 2333 1116 2382 Rom.
1130 2332 1274 2396 Reipublicoe

171 2397 252 2446 vind.
264 2403 288 2446 1.
309 2397 357 2446 Ed.
377 2397 483 2446 Medici.
502 2404 620 2460 utraque,
635 2393 709 2445 caru
726 2396 799 2447 dant.
814 2396 875 2446 nid.
886 2397 1005 2458 aliaeque,
1018 2397 1060 2444 Pr.
1080 2396 1172 2459 steph.
1183 2397 1274 2460 Camp.

164 2459 244 2528 ¹Hinc
261 2462 321 2512 Gar.
339 2462 460 2524 Sigonius
481 2459 597 2512 restituit
614 2460 743 2521 Praetoria,
757 2458 928 2524 prebentibus
946 2460 1067 2510 Torreat.
1084 2460 1143 2510 Ura.
1163 2459 1273 2510 Canaub.

171 2523 253 2575 Woit'.
286 2525 339 2576 Sed
352 2525 476 2575 Bartitiua
487 2524 555 2576 adv.
567 2537 630 2574 xit.
642 2529 665 2572 i.
684 2523 833 2587 auspicatur
850 2525 898 2573 viri
914 2537 1007 2574 nomen
1026 2525 1158 2587 proprium
1169 2523 1195 2573 b.
1208 2525 1224 2573 Ι.
1238 2526 1274 2574 Ιι-

171 2593 240 2638 tere.
267 2581 374 2639 Deinde
387 2603 434 2653 pro
444 2591 557 2638 meta
567 2588 663 2637 babent
675 2587 770 2650 Copea.
781 2587 856 2639 irunt.
868 2587 929 2637 ΑΜ.
945 2588 990 2638 ste
1011 2589 1036 2638 h.
1046 2603 1075 2638 ac
1088 2587 1144 2636 alin
1156 2589 1276 2648 maduit,

173 2652 221 2702 aed
231 2651 297 2702 iilud
308 2653 449 2702 restituunt
459 2652 528 2702 Orrd.
537 2651 738 2714 nurnbaumg.
749 2650 932 2700 accedentibua
940 2603 1013 2701 Mes.
1021 2655 1045 2700 2.
1054 2650 1129 2700 Voea.
1136 2656 1164 2697 et
1174 2651 1274 2713 Obeop.

171 2720 222 2765 -8
240 2717 349 2766 fliceudo
367 2717 439 2766 Med.
458 2715 510 2765 duo
535 2715 608 2765 Obeo
630 2713 728 2765 ‚vind
740 2720 765 2765 1.
785 2715 873 2765 Perit.
892 2715 988 2779 Ccpea.
1005 2713 1120 2763 Heriem.
1132 2715 1199 2762 Vcn.
1211 2719 1275 2774 trae,
1294 2735 1299 2750 ·

173 2777 435 2845 Stepb..1nnt.Atd.¹
455 2751 530 2830 eald·
550 2729 709 2829 Medici-b
726 2778 845 2829 Circaairet
861 2779 959 2830 Medic.
978 2782 1004 2828 2.
1022 2779 1060 2829 uti
1077 2776 1160 2827 edidit
1182 2778 1273 2829 Burm.

168 2863 179 2892 ,.

672 2907 783 2962 Nom

173 3004 285 3054 Romam
305 3005 448 3069 tranrtaiit,
466 3017 498 3054 ac
515 3004 541 3054 in
559 3011 649 3069 patrea
660 3015 704 3053 co·
751 3033 752 3040 κ
776 3013 788 3046 t
808 3004 913 3054 interior
927 3001 1055 3066 iiiapaaia]
1067 3000 1169 3050 Bretina
1183 3013 1229 3050 eea
1248 3000 1275 3050 ii-

174 3082 288 3146 optarit.
744 3080 777 3130 lae
790 3085 850 3130 aunt
862 3082 997 3144 Hispaniae
1009 3081 1127 3144 regicnea
1139 3093 1197 3144 qute
1208 3080 1275 3129 (ira-

167 3169 181 3186 ·'
207 3165 220 3212 t
238 3157 273 3207 A·
283 3157 317 3207 11.
330 3157 360 3208 C·
376 3161 432 3208 tat.
745 3157 1027 3207 natenaiethrreitaniaa
1038 3155 1123 3221 regnis
1131 3155 1208 3207 bodie
1217 3169 1276 3205 con·

172 3249 176 3259 ·
205 3237 219 3264 ¹
237 3231 514 3298 humanationem]
530 3231 706 3296 inteiligitaa·
749 3233 873 3281 tinaatur.
977 3233 978 3236 ’

176 3321 223 3357 era
233 3307 310 3356 bena
321 3309 398 3368 Dea,
415 3309 535 3373 quoniam
554 3323 571 3357 a
581 3305 705 3356 metronia
778 3314 789 3339 ¹
801 3308 918 3356 Mundum
929 3307 1047 3356 Pretorio
1058 3306 1104 3370 [P.
1114 3303 1158 3368 ib]
1171 3305 1274 3369 Legunt

163 3395 227 3446 pro
238 3381 333 3445 populo
343 3382 471 3431 caiebrari
483 3381 654 3432 dicebantur:
672 3381 706 3428 ri-
747 3380 791 3429 aiii
808 3382 889 3442 papati
900 3381 1011 3443 Romani,
1022 3381 1065 3430 aiii
1076 3395 1137 3432 varo
1147 3383 1275 3445 pretoria.-

163 3465 221 3508 ιω
236 3463 324 3507 antem
338 3458 437 3508 iliarum
449 3457 598 3523 precipuae
610 3463 666 3506 arat
678 3461 707 3505 ut
746 3455 794 3505 irco
804 3456 919 3520 pluribus
929 3457 1152 3521 arridatmaxime
1160 3471 1217 3507 cunr
1228 3457 1276 3507 cub

164 3533 237 3584 inde
249 3547 337 3582 ornnea
353 3533 403 3581 riri
416 3545 478 3583 cura
491 3545 586 3595 magna
597 3543 706 3581 rumme-
747 3530 862 3582 Antiatio
876 3539 990 3595 pretore
1000 3539 1157 3597 quarturam
1167 3545 1276 3580 excreu-

164 3615 310 3671 -aarentum
332 3609 393 3673 quin
413 3616 439 3659 et
459 3609 522 3672 ipen
536 3609 706 3657 mercatorum
746 3607 797 3656 irae
805 3615 909 3657 eonatet
921 3621 953 3656 er
963 3608 1073 3658 vetreto.

165 3686 325 3735 -animaiinru
334 3684 461 3749 ‘imagines
468 3689 629 3746 tegerentur.
641 3681 706 3730 Cuia
779 3687 792 3714 ⁸
804 3680 949 3742 cmeeataa]
961 3681 1001 3729 Ea
1009 3693 1103 3742 nempe
1112 3681 1169 3728 ioca
1182 3679 1207 3726 in
1219 3691 1275 3741 qna

176 3766 263 3810 antem
277 3759 387 3809 'tierent
414 3762 439 3808 in
468 3757 545 3808 darno
572 3755 707 3807 Pontiticia
747 3755 831 3805 litium
849 3769 927 3805 cauea
943 3757 1032 3818 popuii
1049 3752 1238 3803 conveniebant
1249 3759 1278 3803 et

165 3833 296 3896 -biaxirni,
308 3833 415 3883 Ciodine
434 3832 552 3882 Paaitrite
572 3837 645 3880 reate
664 3845 708 3879 oc·
748 3829 861 3882 Jnridici
883 3829 1052 3894 magistratus
1075 3828 1107 3877 ad
1124 3827 1168 3891 jua
1190 3827 1276 3876 dicen-

164 3907 291 3957 ·enitatua
312 3907 457 3972 depranam
477 3915 518 3956 eat
533 3905 566 3954 iu
588 3906 708 3956 rabiente
749 3905 819 3956 dum.

164 3983 251 4032 mnino
267 3997 302 4033 ex
318 3983 454 4046 Pompeiae
472 3995 548 4046 qnam
569 3979 706 4043 deperibat
779 3981 791 4014 ¹³
818 3981 949 4044 Gadeeqae,
974 3979 1029 4044 isc]
1060 3978 1135 4030 Urba,
1153 3979 1278 4044 primaria

178 4059 288 4110 ancillia.
310 4058 467 4108 Plutarchus
476 4069 527 4106 nun
540 4057 567 4105 ic
578 4054 706 4118 cubiculo,
747 4054 865 4118 ejaadern
876 4054 985 4106 nominis
997 4056 1086 4104 inania
1097 4059 1154 4106 tto.
1166 4070 1216 4106 non
1224 4071 1277 4108 am·

175 4135 222 4188 ted
234 4132 309 4196 aiibi,
318 4140 347 4183 et
359 4135 392 4183 ab
402 4133 460 4196 ipae
471 4131 627 4196 deprecatam
635 4131 708 4193 paci·
748 4131 815 4194 pii'ua
828 4131 937 4194 padibna
949 4149 963 4182 a
975 4131 1119 4182 continenti
1140 4133 1278 4196 sejunctae,

176 4210 296 4261 indicit.
328 4213 388 4263 Qua
406 4210 438 4258 de
458 4223 536 4259 cauea
556 4208 706 4258 violatarum
738 4212 825 4255 ¹cuttu
841 4206 902 4255 freti
921 4207 1044 4256 Hercuiei
1058 4208 1197 4271 engratiae,
1208 4207 1277 4258 unde

179 4284 385 4336 cerimoniarum
396 4291 531 4337 aecaaatua
541 4290 590 4334 eet.
740 4281 819 4332 diota
831 4283 929 4340 aetitia
936 4285 1028 4335 civitae
1035 4284 1157 4356 itinerum
1165 4297 1198 4334 ac
1207 4285 1276 4333 tabo·
