3094 4914
623 429 768 480 saurus.
1180 423 1245 488 115

149 575 232 658 [nit]
254 570 386 635 Dilexit
406 576 464 632 et⁵
491 569 634 652 reginus,
665 572 751 634 inter
772 589 858 655 qaas
886 571 1046 640 Euooiin⁶
1077 577 1243 659 Mauram,

150 669 327 755 Bogudish
357 689 520 734 uxorem:
551 674 606 735 oui
635 673 817 754 maritoque
845 674 918 757 ejus
947 677 1091 759 plurima
1119 687 1152 744 et
1181 682 1243 743 im·

149 793 269 838 mense
291 773 420 847 tribuit,
442 779 478 835 ut
501 769 641 836 Nasuii
666 772 821 854 scripsit:
848 774 906 837 sed
929 778 1076 840 maxime
1098 777 1243 864 Cleopa-

149 879 247 950 ham,
261 893 339 936 cum
360 892 429 955 qua
451 879 485 936 et
505 873 662 936 convivia
683 873 718 935 iu
739 872 876 954 primum
900 875 1031 940 luoem⁸
1054 899 1146 963 eoepe
1166 901 1243 966 pru·

150 976 264 1045 traxit,
286 983 322 1037 et
342 973 459 1037 eadem
480 992 565 1036 neve
588 969 820 1054 thalamego*
846 995 941 1056 poene
958 977 1136 1062 AEthiopia
1151 989 1243 1046 tenus

151 1076 336 1156 AEgyptum
358 1070 565 1157 penetrarit,¹
594 1075 660 1134 nisi
685 1074 853 1135 exercitus
876 1080 969 1158 sequi
994 1089 1184 1144 recusasset
1193 1104 1207 1147 :-
1217 1089 1243 1122 ¹⁰

150 1193 253 1256 quum
269 1173 413 1257 denique
428 1175 569 1238 accitum
582 1181 591 1210 ¹
616 1173 652 1235 in
668 1170 805 1248 Urbem,
820 1193 884 1236 uon
899 1176 963 1238 nisi
975 1181 1130 1244 maximis
1143 1180 1245 1246 hono-

150 1277 243 1338 ribus
258 1275 474 1356 praemiisque
489 1281 625 1337 auctam
641 1273 780 1348 remisit,
804 1273 975 1356 filiumque
998 1285 1113 1340 natum
1130 1283 1246 1364 appel·

151 1375 221 1438 lere
235 1375 365 1438 nomine
379 1380 463 1437 suo²
479 1392 601 1456 possus
615 1378 675 1436 est.
711 1371 819 1450 Quem
836 1375 969 1457 quidem
986 1380 1135 1443 nonnulii
1150 1381 1246 1448 Gree-

606 1567 633 1587 Η
637 1565 787 1588 ‘mum

151 1707 238 1750 tamen
266 1701 422 1762 postulante,
448 1713 481 1750 er
506 1701 578 1752 Med.
598 1706 621 1752 1.
643 1708 670 1750 at
689 1707 747 1752 aute
766 1703 814 1764 iric,
841 1703 909 1767 qnod
936 1703 1155 1771 Ond.suaserat,
1178 1711 1246 1760 inae·

150 1763 203 1813 ruit
214 1763 294 1812 Wolf.
313 1778 343 1812 ac
361 1771 451 1826 postea
467 1767 577 1828 Ba'umg.
612 1766 715 1815 Omisso
731 1766 808 1814 etiam
827 1773 863 1828 ut,
881 1769 949 1830 conj.
966 1768 1035 1817 Oud.
1053 1771 1156 1828 Gallias,
1176 1783 1204 1830 ut
1218 1776 1244 1824 in

149 1835 242 1890 quiarto
263 1827 330 1886 pede
348 1835 417 1876 esset
436 1838 591 1890 anapaestus.
606 1830 704 1892 sumprti
720 1827 814 1878 deindo
833 1831 958 1880 exhibent
977 1831 1036 1882 Ata.
1051 1835 1192 1898 steph—h
1212 1839 1246 1886 Et

150 1891 242 1939 deerat
254 1891 334 1939 Fauo.
347 1890 510 1943 Heriem-u
526 1892 643 1942 Maiebnt
655 1893 715 1942 Eru.
733 1901 761 1941 nt
773 1895 925 1958 elegantius,
937 1895 1099 1958 interprecor.
1121 1901 1185 1949 Mox
1198 1916 1246 1964 pra

150 1955 249 2004 Euae·
268 1955 383 2016 reposuit
394 1955 506 2005 Tameh.
518 1955 585 2004 Aris.
596 1955 642 2005 lib.
651 1969 694 2005 ιιι.
705 1960 746 2005 22.
765 1957 858 2015 Euam,
870 1958 938 2022 quod
951 1957 1026 2007 hahet
1045 1961 1117 2011 hlud.
1127 1967 1150 2010 1.
1169 1978 1184 2010 s
1204 1979 1244 2026 pr.

151 2033 184 2065 nr.
204 2018 388 2067 Emessam
400 2018 483 2082 Lugd.
520 2020 638 2070 Eumenem
657 2020 743 2069 Periz.
770 2021 868 2068 Eariem
888 2021 1004 2070 Heriem.
1016 2021 1084 2072 Veu.
1104 2031 1168 2085 trea,
1178 2026 1246 2076 Bon.

149 2080 261 2130 Medioi.
279 2081 354 2141 cnjus
370 2096 450 2144 marg.
464 2083 542 2133 Polit.
562 2082 658 2131 Eano‘e'u
673 2083 770 2132 allevit.
794 2084 1046 2135 Einainiiber'iorr.
1073 2088 1170 2136 cumam
1188 2091 1247 2140 eod.

151 2145 237 2192 Palm.
256 2151 284 2192 et
302 2145 367 2192 alius
386 2146 552 2196 uaricem-t
573 2147 605 2196 Ut
621 2145 694 2194 Vasta
705 2147 818 2196 Mearm.
835 2146 907 2196 Vario
926 2147 994 2197 Pith.
1011 2148 1102 2198 Barth.
1121 2151 1188 2200 Naso
1199 2153 1247 2201 Vi·

151 2208 219 2256 terh.
231 2216 257 2256 et
266 2207 290 2254 in
302 2222 348 2256 ora
359 2207 429 2258 Vasa.
450 2209 529 2259 Faue.
542 2210 615 2258 Rara.
627 2209 719 2258 Heius.
731 2209 806 2258 Vnssa
818 2210 858 2258 rei
874 2209 945 2258 l'ats'a
957 2210 1067 2260 volebat.
1094 2214 1178 2262 Numa
1189 2215 1247 2267 Psi.

150 2274 175 2320 3.
193 2275 220 2318 at
236 2285 292 2318 uasa
305 2272 366 2319 Liri.
384 2272 444 2321 Pin.
455 2274 531 2322 Voss.
544 2273 634 2334 Cujec.
648 2272 711 2321 Bas.
730 2272 830 2335 (impii.
843 2282 870 2322 et
882 2288 961 2336 rnsrp.
972 2273 1061 2336 Stepir.
1078 2283 1103 2326 et
1121 2292 1177 2326 uara
1188 2279 1248 2329 Pal.

149 2337 173 2382 2.
185 2335 271 2383 Peria.
285 2333 359 2382 Huls.
372 2334 439 2384 Edu.
451 2336 517 2385 Ven.
530 2340 552 2383 1.
565 2337 638 2386 Rom.
673 2337 766 2386 Utrum
787 2350 818 2384 ne
835 2336 932 2384 hahent
944 2337 1068 2398 Medicei,
1078 2340 1155 2390 vino.
1173 2341 1246 2392 Cart.

149 2398 216 2446 Vide
228 2398 299 2447 Dias.
317 2398 444 2448 Berneec.
481 2399 547 2446 Naso
565 2401 661 2461 legitur
679 2401 704 2448 in
725 2350 790 2448 Eoi
803 2399 869 2461 aliis,
888 2407 916 2448 et
933 2399 1003 2449 Oud.
1021 2415 1053 2450 ex
1075 2403 1246 2465 praecedeuti-

151 2461 197 2509 bus
209 2461 319 2524 corrigit
330 2467 358 2508 ut
369 2467 391 2509 et
404 2463 485 2510 Ν.-8
502 2463 531 2510 In
545 2463 622 2526 prima
633 2465 682 2512 tuoe
695 2465 788 2525 Copes.
799 2477 860 2524 eoepe
870 2464 918 2512 irre.
931 2463 1002 2512 Med.
1015 2469 1038 2513 1.
1053 2481 1116 2530 rope
1126 2469 1247 2518 contraxit

150 2525 281 2572 Fene-9
298 2524 352 2572 Pro
363 2526 504 2587 thalamego,
514 2540 571 2589 quoe
591 2527 669 2588 Bapt.
679 2526 719 2575 Pii
738 2533 766 2576 et
784 2525 863 2575 Polit.
875 2535 914 2574 est
932 2527 1088 2582 emendatio,
1100 2532 1247 2580 accedenti-

150 2587 199 2635 bus
211 2588 306 2650 Egnst.
323 2587 396 2636 Torr.
407 2597 529 2637 exaratur
539 2590 684 2652 thalamoque
695 2591 720 2640 iu
736 2589 808 2638 Med.
819 2593 842 2638 2.
853 2589 929 2638 vinu.
941 2597 1058 2660 utroque,
1070 2593 1143 2642 Cart.
1163 2594 1248 2644 i’eris.

151 2651 211 2698 Pal.
226 2656 250 2700 1.
262 2655 287 2699 2.
299 2651 393 2714 Copea.
404 2651 519 2700 Heriem.
531 2653 606 2700 Voss.
616 2653 707 2716 Cujae.
721 2652 789 2702 Etid.
802 2653 892 2716 Csmp.
903 2654 969 2704 ven.
982 2659 1005 2704 1.
1030 2670 1087 2718 qaue
1099 2664 1127 2705 et
1139 2657 1247 2722 eandem)
1315 2663 1318 2670 “

150 2721 179 2762 et
188 2714 249 2763 riuoe
261 2714 329 2774 srtae,
340 2715 406 2764 Bon.
420 2715 502 2778 Imgd.
512 2715 647 2776 thelamage
657 2717 745 2778 Steph-
756 2715 818 2765 Aid.
835 2717 996 2778 thalamegone
1041 2720 1075 2768 tls.
1086 2719 1142 2768 Pal.
1153 2723 1177 2768 2.
1194 2722 1248 2770 tisa-

151 2777 286 2838 Μαρια
298 2778 441 2827 Foru-1⁰
459 2779 611 2828 memmei
620 2780 700 2829 Viuo.
712 2783 736 2827 1.
746 2793 793 2829 rec.
809 2781 925 2829 dominam
936 2781 1034 2842 denique
1050 2782 1132 2831 Rhea.
1144 2787 1168 2831 2.
1200 2785 1247 2832 Su·

152 2854 199 2902 pra
220 2841 371 2902 Ethiopians
388 2840 521 2890 Petu-1
539 2842 646 2892 Aseitam
671 2843 763 2906 ceper.
783 2841 908 2893 Halm-2
928 2843 1011 2894 Rhed.
1032 2848 1055 2893 i.
1075 2847 1248 2908 appellarim

150 2918 212 2952 aem.
225 2911 254 2953 et
266 2905 292 2951 iu
303 2903 381 2952 Viad.
394 2909 417 2955 l.
427 2905 518 2954 samiae
530 2920 553 2970 q.
564 2921 614 2962 ruo,
627 2907 695 2958 aude
707 2905 776 2957 Oud.
793 2906 929 2972 legendum
945 2908 1092 2972 auspicatur
1108 2925 1168 2958 narn.
1180 2911 1249 2973 quasi

646 3067 753 3118 NOTAE

153 3201 202 3254 mae
214 3189 269 3236 siue
279 3189 363 3252 pretio
370 3197 485 3252 stuprum
495 3191 643 3248 exercuisti,
651 3199 681 3242 ut
726 3192 797 3242 Vasa.

153 3262 258 3326 quidam
280 3263 435 3326 intelligunt.
466 3265 519 3314 Sed
539 3267 625 3328 potiar
644 3267 681 3315 ita
752 3267 936 3329 ¹tturamego]
953 3267 985 3316 In
1004 3265 1086 3315 trihus
1106 3265 1171 3310 Mas.
1186 3262 1250 3324 legit

152 3337 345 3398 interpretare:
361 3351 453 3400 nempe
465 3354 513 3400 par
523 3343 578 3402 pari
591 3355 681 3404 repen·
720 3342 867 3389 Torrentius
879 3341 1033 3398 thalamoque,
1044 3345 1136 3398 aperto
1147 3351 1248 3402 quoque

154 3408 306 3458 summisse.
331 3409 395 3459 Cum
407 3411 475 3460 euim
485 3411 574 3460 cesar
585 3414 681 3460 atienae
721 3425 811 3468 sensn;
822 3410 933 3468 priorem
945 3414 1031 3457 tamen
1041 3409 1149 3473 prmiurt
1160 3411 1250 3460 lectio·

154 3499 247 3534 uxores
269 3484 438 3543 adulteraret,
455 3499 526 3534 suam
545 3499 646 3549 quoque
666 3499 681 3533 a
722 3495 788 3532 nem.
808 3481 1165 3550 Eratautem‘thalumegus'
1177 3487 1249 3535 naris

154 3561 245 3610 Clodio
256 3559 429 3610 adulteratam
441 3575 492 3610 non
501 3559 633 3624 patienter
643 3566 682 3610 tu·
720 3557 838 3622 quedam
868 3558 968 3621 iugens,
997 3561 1096 3623 qualem
1121 3561 1249 3611 Athenaeo

153 3637 191 3686 iit.
654 3647 658 3658 ·
721 3638 789 3682 terte
812 3632 967 3682 Ptolomeus
991 3635 1144 3697 Philopator
1172 3635 1250 3682 redifi-

184 3707 197 3741 ¹¹
213 3708 337 3772 Bogudis]
353 3709 447 3772 Bogud
458 3709 621 3759 Mauritaniae
634 3722 680 3757 rex
722 3708 827 3756 caudam
835 3708 926 3772 jussit,
937 3713 966 3756 ut
983 3721 1014 3756 ea
1025 3710 1094 3756 intra
1111 3709 1248 3756 thalamum

154 3790 223 3842 erat,
241 3800 257 3831 a
275 3798 325 3848 qao
345 3785 481 3846 plurimam
504 3785 592 3834 auxilii
614 3783 682 3833 belia
722 3784 829 3847 ipsaque
840 3783 866 3832 ia
879 3783 950 3846 regia
961 3796 1018 3832 esse
1035 3782 1083 3831 sibi
1101 3783 1248 3833 rideretur:

154 3857 249 3908 Africo
260 3858 348 3908 Cesar
359 3859 473 3922 sucepit.
721 3857 898 3920 magnitudine
915 3863 972 3906 erat
989 3857 1140 3917 semistsriii,
1160 3858 1249 3908 latitu-

184 3935 191 3968 ¹
210 3934 290 3997 Naso]
308 3935 350 3984 Aa
361 3935 429 3985 irleru
441 3935 485 3984 iiie
497 3935 531 3985 de
542 3951 592 4001 quo
605 3949 683 3999 supra
722 3933 783 3982 dine
798 3937 839 3982 8⁰.
857 3932 1009 3995 cubitorum,
1022 3931 1159 3981 altitudine
1174 3936 1249 3995 pauiu

154 4015 208 4060 ue.
221 4009 399 4059 Probahiiiter
406 4009 509 4074 quidem
519 4012 684 4073 suspicantur
723 4009 805 4058 ruiana
815 4011 856 4057 40.
872 4008 912 4057 De
924 4007 999 4057 simili
1012 4019 1077 4056 aare
1091 4005 1191 4056 Plinius
1203 4009 1249 4061 iih.

153 4084 323 4146 interpretes,
333 4084 378 4148 qul
392 4091 479 4134 tamea
495 4099 529 4134 ue
545 4083 683 4142 affirment,
724 4095 776 4132 vrr.
788 4097 846 4146 esp.
858 4086 899 4131 etl.

154 4159 244 4208 obstat
259 4159 377 4209 codicum
389 4159 454 4208 Mss-
465 4159 611 4221 divertitur,
621 4174 683 4224 quo-
753 4155 760 4188 ¹
771 4155 923 4220 Peurtrauit]
941 4155 993 4206 Pro
1005 4164 1177 4222 penetrasset,
1185 4174 1248 4223 quo·

154 4245 211 4283 raus
229 4231 272 4282 aiii
286 4235 365 4298 Naar,
381 4233 425 4283 aiii
441 4233 515 4284 Vosra
531 4235 636 4293 hahent,
655 4245 683 4286 et
722 4233 889 4286 modoadhue
901 4235 1099 4302 loquiturGeih.
1111 4251 1167 4302 cap.
1177 4239 1217 4286 lo.
