3094 4914
301 410 367 502 118Ι
732 429 764 514 c.
787 425 966 476 sunrouu

245 655 247 660 ,
300 591 342 634 ue
356 569 520 652 hospitem
543 567 604 632 aut
624 568 841 652 negligentiae,
868 577 928 634 aut
949 569 1143 634 rusticitatis
1159 570 1326 636 videretur
1347 591 1398 648 ar-

303 689 412 751 guere.
457 667 537 746 [54]
552 668 796 734 Abstinentiam
813 677 920 753 neque'
933 671 967 734 in
983 671 1146 753 imperiis,
1158 690 1264 754 neque
1279 673 1312 736 in
1326 693 1398 738 ma-

303 771 519 852 gistratibus⁸
542 772 710 853 praestitit.
754 770 802 834 Ut
815 772 903 834 enim
920 770 1056 854 quidam
1078 774 1302 836 monumentis
1324 776 1396 837 eois

302 873 413 934 testuti
428 876 514 945 sunt,
529 870 563 933 in
574 870 744 952 Hispania
755 870 1002 934 Proconeole⁹'
1016 877 1050 934 et
1064 890 1085 934 a
1098 872 1220 936 sociie‘
1233 875 1397 954 pecunias

302 971 447 1052 accepit,
464 970 691 1035 emendicatas
713 972 748 1034 in
771 970 934 1036 auxilium
945 979 971 1008 ¹⁰
996 971 1074 1035 aeris
1101 972 1215 1048 alieni,
1240 979 1273 1036 et
1299 973 1397 1038 Lusi-

302 1075 480 1134 tenorum·¹
503 1071 657 1153 quaedam
685 1071 826 1151 oppida,
846 1088 1037 1152 quanquam
1062 1090 1121 1134 nec
1147 1073 1313 1154 imperata
1341 1073 1397 1138 de·

303 1175 489 1247 tractarent,
505 1177 540 1234 et
554 1170 742 1234 advenienti
758 1177 871 1252 portas
886 1170 1136 1253 patefacerent,¹
1160 1172 1300 1253 diripuit
1320 1174 1396 1237 hos-

303 1273 415 1336 tiliter.
453 1271 494 1334 In
506 1270 619 1335 Gallia
632 1271 713 1334 sana
727 1272 917 1355 templaque
930 1271 1039 1335 Deum
1056 1271 1151 1336 donia
1164 1271 1285 1336 referta
1298 1275 1397 1355 expi-

301 1371 412 1448 lavit,²
423 1373 521 1436 urbes
536 1371 644 1448 diruit,
660 1373 786 1454 sapius
800 1374 844 1436 ob
861 1373 1021 1455 praedam,
1036 1391 1137 1455 quam
1152 1372 1196 1434 ob
1211 1372 1396 1435 delictum:

302 1472 392 1535 unde
407 1471 546 1547 sactum,
568 1478 606 1535 ut
620 1491 700 1536 auro
715 1474 908 1550 abundaret,
925 1473 1113 1555 temisquo³
1139 1472 1287 1536 millibus
1302 1491 1396 1550 nurn-

303 1590 392 1635 mum
408 1573 443 1635 in
456 1573 560 1635 libras
574 1574 799 1654 promercalev
813 1595 873 1656 per
884 1574 1020 1638 Italiam
1036 1571 1294 1656 provinciasque
1310 1572 1396 1636 divi·

303 1669 421 1736 deret.⁴
445 1671 485 1735 In
501 1673 609 1754 primo
625 1673 801 1739 consulatu
816 1675 880 1738 tria
893 1673 996 1738 millia
1009 1671 1118 1756 pondo
1130 1672 1201 1734 auri
1211 1669 1344 1766 suratue
1359 1678 1394 1734 e⁵

760 1836 833 1861 ΙΝΝ
836 1835 939 1856 ΜΝ

302 1929 380 1980 Vind.
401 1936 425 1979 2.
448 1932 520 2007 Cort.
540 1932 620 2006 lffetit.
639 1932 664 1980 in
685 1946 764 1995 marg.
786 1934 835 1984 Ed.
858 1931 1104 2012 Mediobudpetttrc
1122 1927 1267 1977 aeuum-e
1285 1927 1349 2004 Npq.
1369 1929 1394 1976 in

301 2007 453 2108 difidit?
465 1997 823 2122 iti‘ffd'tissb'dd'i
835 1993 1210 2110 ru⁰t:r·.²mf³¹tutr.r
1229 1997 1313 2103 tit·
1327 2001 1396 2117 at

302 2120 441 2172 lectionem
457 2138 473 2171 o
494 2123 604 2172 Procom.
625 2139 699 2187 quam
717 2123 820 2174 firmare
838 2126 906 2173 nistre
926 2131 966 2172 eat
981 2135 1013 2170 ex
1037 2120 1142 2182 Lougoi.
1158 2118 1308 2182 occiput.
1341 2120 1396 2168 De·

303 2183 357 2232 tent
384 2194 470 2235 tamen
497 2188 706 2250 praeporitionem
731 2189 758 2236 Li
781 2205 801 2236 r.
822 2190 909 2238 Grau.
933 2195 962 2235 et
991 2185 1123 2233 Drakenb.
1147 2182 1179 2230 ad
1203 2182 1259 2230 Liv.
1284 2183 1328 2230 tib.
1350 2195 1393 2232 xa

301 2261 360 2310 cap.
373 2253 414 2298 8⁹.
458 2249 547 2300 Habet
571 2252 675 2300 Mamm.
698 2253 724 2299 in
774 2253 818 2314 inp.
837 2251 967 2315 marui,
990 2247 1057 2312 qnod
1084 2260 1133 2296 nec
1154 2245 1275 2307 dirpiiret
1298 2245 1395 2293 Erm-

302 2314 333 2358 ro
350 2311 449 2362 Auxit&
465 2314 541 2364 Hutr.
560 2313 672 2364 infertur
688 2317 849 2365 detractarent
868 2315 983 2364 Heriem.
1002 2310 1082 2360 vind.
1101 2314 1125 2360 1.
1143 2308 1210 2358 Edd.
1230 2309 1303 2356 Rom.
1321 2307 1395 2357 cite.

302 2375 457 2425 Medici-l
478 2378 510 2425 Et
526 2379 581 2426 odo.
591 2394 616 2442 p.
629 2385 681 2442 put.
716 2379 783 2428 Hoec
794 2380 888 2428 derunt
905 2377 961 2427 eod.
975 2375 1049 2424 riute.
1065 2374 1135 2422 Dein
1146 2375 1173 2420 r'rr
1186 2373 1292 2421 Gattiem
1302 2371 1396 2434 Copae.

302 2445 330 2485 et
340 2441 478 2501 tempfma
494 2455 522 2489 tte
532 2442 609 2490 vind.
623 2447 645 2492 i.
657 2441 701 2492 atti
712 2443 848 2504 piatam-2
864 2439 1000 2504 Expltrnuit
1011 2437 1100 2502 CuJae·
1111 2437 1238 2500 reptavit
1256 2435 1327 2485 Med.
1337 2439 1361 2486 ³.
1370 2444 1396 2485 et

301 2515 384 2564 marg.
402 2503 452 2551 Ed.
494 2503 618 2554 edint-³
636 2507 751 2567 Legebat
762 2509 857 2568 Egntt.
873 2505 1047 2570 quaternisque,
1063 2501 1131 2565 qdod
1150 2501 1231 2574 etiarn
1248 2500 1274 2548 in
1290 2499 1395 2563 quibua·

302 2563 361 2612 dam
380 2565 490 2614 membb.
508 2567 607 2616 invenit
623 2569 734 2618 Caranb.
765 2572 830 2618 Tum
849 2571 877 2619 ia
894 2570 953 2618 itui.
969 2566 1056 2616 Perta.
1071 2565 1186 2613 Heriem.
1199 2561 1280 2612 Vrnd.
1294 2567 1316 2612 Ι.
1329 2561 1395 2612 Edd.

303 2628 370 2677 Vera.
388 2635 422 2678 tr.
438 2629 504 2678 Bon.
524 2630 631 2681 Medici.
649 2633 735 2692 Paria,
753 2641 781 2682 et
797 2647 847 2683 non
866 2642 963 2683 temere
981 2627 1149 2693 rejiciendum
1168 2633 1257 2676 censet
1274 2627 1397 2675 Burm-

302 2694 318 2739 t
335 2691 479 2742 Diueaderet
490 2694 596 2744 Memor.
608 2695 750 2758 Meddoo,
761 2697 839 2747 vind.
855 2701 880 2746 2.
892 2696 965 2745 Cort.
978 2695 1064 2744 Perit.
1080 2693 1173 2753 Copae.
1186 2690 1302 2739 Heriem.
1321 2690 1397 2739 Hnb.

304 2761 331 2802 et
341 2755 407 2802 Edd.
419 2770 507 2806 omuer
516 2763 578 2806 ante
588 2759 663 2807 Torr.
675 2767 772 2821 prater
783 2761 857 2810 Rern.
894 2759 1000 2809 robaote
1012 2758 1101 2806 Burin.
1128 2753 1178 2802 Sed
1189 2768 1203 2802 e
1213 2759 1322 2817 quatuor
1333 2754 1397 2801 Mra.

303 2817 423 2866 diuideret
434 2822 520 2882 potius
538 2821 674 2882 tegendum
687 2825 767 2874 ruerit
777 2825 849 2873 Torr.
861 2775 940 2887 idque
952 2827 1110 2882 receperunt
1121 2817 1232 2867 Caraub.
1243 2815 1333 2865 Graer.
1345 2815 1397 2864 Po·

302 2879 342 2927 tit.
353 2881 424 2944 Lipa.
437 2883 550 2934 Gronov.
560 2883 638 2935 wttr.
652 2887 754 2938 Ruhnk.
767 2893 793 2936 et
804 2885 873 2938 Oud.
884 2901 941 2936 com
955 2883 1030 2935 Med.
1041 2887 1066 2932 8.
1078 2880 1156 2932 vind.
1168 2885 1240 2929 let
1256 2879 1395 2937 Fencsar.

795 3031 901 3086 NOTAE

334 3122 507 3185 'Pmcourutd
519 3123 581 3186 Qui,
592 3132 666 3189 gesto
678 3141 724 3190 per
736 3143 828 3178 aunum
869 3141 927 3192 cap.
951 3131 977 3176 t.
1009 3125 1118 3174 relatum
1146 3126 1194 3180 eat,
1218 3117 1394 3182 arrignandor.

301 3198 327 3246 in
340 3198 404 3248 urbe
416 3200 562 3262 coorrrtatu,
573 3202 730 3262 provinciam
746 3206 829 3253 attero
870 3204 935 3254 Qua
945 3197 1166 3265 proportiotonge
1179 3191 1394 3242 abfuirretenoa·

302 3286 368 3320 runo
388 3272 527 3335 regendam
544 3274 710 3338 sortiebatur,
729 3277 750 3324 ia
771 3292 828 3339 pro·
869 3283 909 3326 tra
919 3293 926 3338 ;
938 3282 979 3324 ert
990 3274 1057 3323 enim
1070 3271 1124 3319 auri
1136 3269 1168 3316 ad
1186 3273 1320 3329 argentum
1332 3280 1394 3331 qua·

302 3347 392 3394 conant
409 3347 553 3410 dicebatur,
571 3357 600 3397 ut
617 3349 650 3399 de
672 3353 828 3415 praetoribus
869 3357 928 3400 tuor
939 3348 1056 3412 decupla,
1067 3351 1111 3394 aut
1122 3342 1291 3391 utmintmum
1301 3341 1397 3390 duode-

301 3434 380 3482 aupra
391 3435 450 3483 cap.
464 3425 503 3470 tt.
869 3427 959 3488 eopia:
972 3438 1022 3472 non
1031 3415 1397 3485 igiturmateeurpicatoetue·

335 3495 342 3525 ²
358 3495 445 3558 Βοιώ]
464 3495 595 3559 Hispania,
606 3496 700 3559 poputo
712 3497 827 3548 Romano
868 3500 902 3549 rit
914 3493 1265 3562 atiqutmurabundanrtam,
1274 3489 1394 3540 autfcrte

301 3568 401 3619 foedere
410 3571 518 3631 jnnctir.
867 3573 1071 3624 crassitudinem,
1083 3581 1175 3630 nempe
1187 3565 1395 3629 propiarent.

334 3643 538 3708 ulnarmmm]
556 3645 641 3696 Hodie
653 3649 790 3711 Portuguts.
868 3649 985 3708 mixtum,
1004 3643 1113 3694 vilitatis
1139 3655 1244 3690 caueam
1266 3641 1395 3690 extitime.

332 3719 487 3784 'Tarairque
505 3721 607 3770 mittitur
622 3738 648 3772 a.
662 3723 707 3771 bt.
723 3738 826 3786 promer-
867 3721 970 3772 Invenit
991 3719 1111 3784 parturit
1139 3731 1186 3778 pro
1208 3718 1284 3765 tertia
1300 3715 1396 3764 Caran-

300 3795 362 3858 catc]
378 3797 437 3846 Hoc
449 3803 499 3858 ert,
515 3797 676 3848 vendendum
695 3799 764 3849 tait.
782 3805 825 3848 5⁸.
865 3799 957 3860 benur,
979 3795 1048 3861 qnod
1072 3795 1149 3856 longe
1169 3792 1253 3850 abeat,
1276 3797 1395 3841 nt-acce-

300 3880 395 3921 nortroe
408 3880 519 3922 moneta
537 3875 563 3921 in
578 3873 655 3922 librar
667 3874 722 3922 auri
739 3875 826 3938 ringo·
866 3873 940 3922 deret
962 3871 994 3920 ad
1010 3871 1109 3933 justam
1129 3867 1186 3915 auri
1208 3881 1266 3915 cum
1287 3875 1394 3928 argento

300 3945 408 4011 itaqua
426 3948 591 4010 proportione
608 3955 709 4012 reptem
726 3949 826 4012 argenti
864 3947 1067 4012 proportionem.
1107 3941 1236 3990 Martiali·
1259 3941 1325 3988 enim
1348 3941 1392 3990 ub.

301 4019 374 4069 librae
395 4028 423 4070 et
440 4021 535 4070 retibra
553 4021 596 4070 uni
612 4037 699 4072 aurea
716 4024 827 4088 aquira·
866 4037 911 4075 ιιι.
921 4023 999 4087 Epig.
1011 4025 1053 4069 ua.
1065 4017 1147 4082 pluris
1159 4023 1252 4065 emtam
1267 4015 1393 4067 aouluto

302 4094 407 4149 tuerint,
424 4094 471 4144 boc
491 4095 558 4145 enim
577 4095 703 4146 duntaxat
724 4100 827 4162 argenti
865 4107 938 4149 notat
959 4094 1061 4159 argenti
1082 4093 1184 4152 libram,
1205 4089 1304 4139 ‘Libra
1323 4089 1392 4155 quod

302 4165 401 4230 pondua
411 4169 564 4230 intonituri
575 4170 824 4234 librirringntirtuu.
865 4174 965 4239 argenti
985 4170 1064 4220 mitti·
1083 4168 1197 4231 quinque
1220 4163 1306 4229 rapit!
1338 4163 1391 4214 Sed
1483 4220 1486 4231 ,

301 4244 694 4311 rrummoreeucrttorirriguas,
707 4254 824 4313 utsupra
864 4249 999 4316 prodigum
1014 4245 1138 4297 Quiutum
1155 4245 1237 4302 uetat,
1255 4245 1301 4289 aut
1317 4239 1395 4289 cata·
