3094 4914
631 435 776 484 rumus.
1183 420 1248 485 127
1303 387 1307 395 ,

148 579 289 644 nuntios
303 577 347 642 de
363 597 401 641 se
415 578 623 660 praevenerit
646 576 725 656 [db]
740 577 780 642 Iu
796 577 960 643 obeundis
974 577 1247 661 expeditionibus

148 679 303 756 dubium,
319 679 446 744 cautior
462 697 502 740 an
518 677 712 741 audentior.³
758 679 948 742 Exercitum
964 697 1075 760 neque
1090 696 1151 760 per
1165 679 1248 741 insi·

146 781 250 842 diosa
263 781 408 842 itinera⁴
430 777 528 841 duxit
543 796 700 858 unquam,
715 780 779 842 nisi
794 779 1072 861 perspeculatus⁵
1096 779 1246 842 locorum

148 881 258 960 situs3
280 879 436 961 usquein
453 876 662 940 Britanniam
678 879 877 953 transvexit,
892 877 957 940 nisi
980 885 1057 940 aute
1080 897 1140 959 per
1161 898 1199 941 ee
1212 874 1246 916 ⁶¹

148 987 273 1062 portus
299 985 342 1042 et'
355 977 604 1058 navigationem
619 982 652 1040 et
666 994 837 1040 accessum
853 978 895 1041 ed
910 976 1055 1039 insulem
1071 978 1246 1058 explores-

149 1089 213 1144 sot.
257 1079 307 1144 At
319 1080 420 1156 idem,
434 1077 627 1141 obsessione
644 1073 847 1156 castrorum*
870 1077 905 1137 in
921 1075 1124 1140 Germauiu⁷
1139 1081 1246 1142 nuuti-

149 1187 223 1256 ata,
246 1198 306 1262 per
332 1176 667 1242 stationes'bostium
694 1176 831 1240 Gallico
857 1177 972 1240 babitu
996 1179 1179 1258 penetravit
1204 1181 1247 1242 ad

152 1299 247 1344 suos.
291 1278 324 1342 A
339 1277 519 1342 Brundisio
535 1272 795 1359 Dyrrhachiom¹
820 1276 904 1338 iuter
927 1276 1104 1358 oppositas
1120 1277 1246 1340 classes

150 1381 271 1464 hyeme
293 1379 501 1443 transmisit
532 1376 817 1458 Cessuutibusque
839 1376 959 1458 copiiS,
980 1393 1064 1456 quas
1086 1377 1248 1460 subsequi

145 1479 310 1561 jusserat,
326 1497 401 1542 cum
416 1477 459 1540 ad
481 1475 721 1540 arcessendas⁸
745 1474 867 1537 frustra
889 1493 982 1557 saepe
1004 1475 1163 1552 misisset,
1188 1495 1248 1540 no·

150 1582 290 1644 vissime
304 1580 381 1661 ipse
393 1580 481 1643 clam
492 1585 595 1641 noctu
611 1577 789 1661 parvulum
800 1577 966 1658 navigium
982 1577 1077 1642 solus
1088 1579 1248 1644 obvoluto

152 1682 267 1761 capite
281 1677 489 1753 conscendit,
511 1696 618 1760 neque
634 1685 694 1743 aut
708 1677 784 1760 quis
799 1683 899 1752 esset,
921 1683 997 1740 ente
1012 1676 1166 1754 detexit,⁹
1191 1685 1249 1744 out

150 1780 406 1861 gubernatorem
421 1777 539 1842 cedere
555 1776 704 1841 adversus
721 1776 913 1858 tempestati
928 1795 1052 1859 pessus
1066 1785 1129 1854 est,
1144 1763 1258 1862 quam

150 1899 250 1962 paeue
281 1879 418 1942 obrutus
446 1879 617 1942 fluctibns.
676 1875 756 1960 [59.]
788 1875 877 1938 Ne¹⁰
898 1877 1086 1958 religionem
1110 1879 1247 1961 quidem

150 1979 223 2044 ulla
245 1999 268 2044 a
289 1998 456 2062 quoquam
471 1981 608 2062 incepto
625 1978 816 2041 absterritus
832 1995 976 2059 uuquam
991 1978 1043 2041 vel
1058 1979 1246 2043 retardatus

151 2303 183 2336 ss
198 2287 311 2336 morior
326 2287 445 2338 Heriem.
463 2288 551 2338 Pstis.
563 2287 629 2337 Edd.
641 2287 709 2336 Vsu.
721 2285 874 2336 tr.'Mediol.
886 2287 950 2352 Bpu.
962 2285 1037 2335 Jnnt·
1050 2285 1129 2348 Logd.
1143 2284 1203 2334 ΑΜ.
1216 2288 1250 2337 st.

152 2355 199 2399 -t
216 2351 280 2400 lass
291 2351 387 2413 Copes.
399 2353 538 2400 lieren-b
556 2353 633 2400 Melit
645 2351 772 2399 Reruecc.
787 2349 894 2412 presepio.
911 2364 968 2397 cunr
984 2350 1073 2398 Barth.
1090 2347 1148 2398 eod.
1169 2350 1250 2398 reolu-

152 2421 241 2464 msute
253 2415 342 2463 Burro.
357 2429 401 2477 per
409 2417 538 2476 speculator
550 2416 644 2478 Copss.
660 2414 828 2476 perspisslstos
839 2412 911 2461 Med.
922 2418 945 2461 l.
956 2417 981 2460 8.
1001 2420 1029 2461 et
1041 2413 1119 2462 Polit.
1130 2412 1156 2461 iu
1167 2427 1247 2475 marg.

153 2478 311 2526 ueniet-o
319 2478 402 2526 Boxb.
412 2487 441 2526 st
451 2478 541 2528 Heius.
554 2476 717 2527 scribendum
729 2477 826 2525 velient
833 2490 948 2539 persaepe:
960 2477 1065 2538 [ipset
1073 2476 1198 2526 Berueec.
1205 2491 1249 2539 per

151 2555 213 2589 ssss.
230 2541 293 2588 Eru.
305 2550 391 2590 sutem
402 2543 472 2603 conj.
488 2543 536 2590 nisi
546 2543 648 2601 omisso,
667 2539 846 2602 corrigendum
865 2544 939 2588 tross.
956 2545 1012 2588 ssts
1027 2553 1097 2602 ossis
1112 2555 1136 2601 p.
1147 2545 1179 2589 st.
1191 2555 1250 2588 rs.-

153 2607 168 2651 i
181 2603 301 2652 bislebet
311 2603 374 2652 Em.
384 2603 411 2652 s's
421 2605 512 2664 Gallis,
524 2613 553 2653 ut
565 2603 591 2652 iu
603 2603 694 2652 Barth.
705 2603 764 2653 cod.
776 2603 904 2664 probante
916 2602 1007 2653 Heius.
1019 2603 1064 2652 sed
1077 2603 1139 2651 nibli
1150 2611 1252 2652 mutant

155 2665 207 2715 slii.
239 2666 342 2716 Deinde
353 2681 432 2728 suprs
443 2669 522 2718 sumit
533 2669 602 2718 oud.
614 2669 698 2716 itidem
710 2681 756 2728 pro
767 2667 837 2722 r'dsss,
852 2667 956 2715 uolente
970 2668 1079 2728 Bsunrp.
1112 2666 1176 2714 Mox
1187 2665 1250 2714 obsi-

154 2729 224 2778 dione
234 2731 329 2792 legitur
342 2731 368 2778 in
378 2729 445 2780 libro
454 2732 577 2780 Turn-8
595 2731 755 2780 Accersesdos
765 2731 870 2779 Memm.
882 2744 913 2778 sc
924 2730 1040 2793 plerique
1058 2730 1122 2778 Mes.
1139 2736 1166 2778 ct
1182 2729 1250 2777 Edd.

155 2793 227 2842 Vett.
239 2791 323 2842 Addit
334 2793 407 2842 Ferr.
421 2808 508 2843 rocem
520 2809 568 2844 eos.
593 2795 658 2842 Tum
670 2793 745 2841 mois.
756 2793 831 2842 abest
843 2807 858 2841 s
868 2792 951 2842 Rhed.
963 2797 1036 2842 1.-9
1053 2793 1103 2842 Aut
1129 2823 1136 2839 .
1149 2807 1170 2841 s.
1188 2806 1211 2841 s.
1225 2795 1249 2841 d.

154 2855 220 2903 Haec
232 2869 283 2904 uun
297 2858 461 2918 reperiuntur
469 2859 495 2905 in
508 2858 556 2905 Ed.
568 2857 649 2906 Gron.
661 2857 761 2904 incuria
776 2854 864 2904 forsan
883 2860 1092 2919 operarum-1⁰
1135 2853 1205 2904 misit
1220 2869 1251 2903 ss

155 2917 239 2968 unes.
250 2923 274 2970 t.
300 2919 364 2970 Mox
374 2934 422 2985 pro
432 2936 488 2986 seq.
499 2923 536 2970 set
547 2922 573 2969 in
584 2921 670 2970 Poris.
683 2919 802 2970 Heriem.
814 2919 863 2970 Ed.
873 2920 939 2970 Veu.
952 2923 974 2968 l.
990 2927 1032 2970 est
1047 2924 1097 2970 sst.
1129 2917 1197 2970 Dein
1208 2933 1251 2968 ‹ss-

652 3080 760 3132 NOTAE

190 3189 198 3220 ¹
214 3187 272 3236 Nisi
290 3196 345 3240 sats
358 3165 402 3254 per
417 3208 451 3254 ss,
460 3194 513 3257 bc]
530 3195 617 3245 Caesar
628 3195 685 3258 ipse
725 3200 914 3250 bsussdsstre:
926 3171 1046 3264 ‘Perge’
1057 3201 1111 3262 sit:
1122 3201 1250 3250 cesarem

156 3260 200 3310 lib.
221 3274 261 3310 rr.
289 3263 385 3313 Corum
404 3281 453 3330 per
468 3269 560 3318 Csiurn
576 3270 684 3318 Voluse·
725 3275 808 3333 vebis,
825 3275 986 3337 Cererisque
997 3273 1142 3333 fortunam}
1156 3272 1251 3335 dequo

158 3338 685 3404 num,cumnsrilosgaprssmissuuupur·
724 3347 782 3396 fure
799 3347 954 3396 Plutarchus
976 3347 1002 3392 in
1023 3345 1142 3394 cessere:
1159 3353 1186 3396 et
1204 3361 1252 3396 suo

157 3417 197 3458 tus
208 3411 357 3471 explorator
368 3411 443 3470 dicit,
453 3413 523 3465 nude
535 3414 685 3464 casaubono
725 3433 796 3467 more
808 3419 925 3467 Lucsuus
937 3417 981 3467 lib.
997 3431 1023 3468 v.
1041 3419 1085 3468 ubi
1102 3419 1157 3470 brec
1172 3420 1251 3470 etiarn
1324 3465 1329 3470 .

157 3490 278 3546 suspects
286 3485 329 3534 bic
340 3486 457 3536 Suetonii
469 3489 599 3539 memoris.
725 3491 982 3556 pluribusdescriblt:
995 3493 1087 3543 ‘Fisus
1098 3503 1193 3544 concta
1204 3495 1251 3544 sibi

188 3557 200 3590 ¹¹
219 3559 359 3610 Obsessione
375 3561 517 3624 rostrorum]
541 3564 605 3614 'Pom
623 3576 684 3612 sero
723 3581 826 3617 cessura
844 3568 958 3631 pericula
975 3570 1070 3632 Cesar,
1087 3569 1186 3632 Sperne
1205 3571 1251 3619 uri-

160 3633 277 3683 similiter
286 3648 345 3683 cum
354 3637 386 3688 Q.
397 3636 499 3699 Cicero,
509 3637 584 3688 Tullii
595 3636 686 3700 irater,
723 3657 779 3706 uss,
790 3643 883 3706 inquit,
903 3644 998 3706 pelagi,
1015 3651 1143 3706 ventoque
1154 3643 1251 3692 furenti

160 3708 269 3756 Cressris
282 3710 532 3772 legatus,cummuni
549 3712 684 3762 Gallorum
723 3717 809 3767 Trade
833 3717 926 3780 riuum,
946 3723 994 3766 &c
1022 3720 1076 3766 sols
1104 3718 1149 3767 tibi
1176 3731 1252 3766 censs

161 3785 351 3846 conspiratione
368 3801 427 3836 cum
445 3788 549 3852 reliquis
568 3788 685 3838 omuibus
722 3792 779 3841 baec
789 3791 911 3854 estjusts
925 3791 1033 3854 timoris,
1045 3792 1184 3841 Vectorem
1200 3805 1251 3843 non

160 3857 281 3920 bybsruls
294 3860 416 3910 obremus
426 3869 476 3924 est,
494 3869 524 3913 ut
540 3863 627 3913 ridere
645 3870 686 3913 est
723 3879 800 3915 nosse
813 3865 903 3926 tuum‚'
913 3869 962 3916 dre.
1249 3899 1253 3910 ·

158 3929 203 3978 lib.
215 3944 241 3979 r.
253 3932 286 3980 de
299 3934 375 3982 Bello
385 3935 494 3986 Gallico.
757 3947 775 3972 ¹¹¹
792 3939 928 4002 Religion]
940 3940 998 3990 Hoc
1009 3947 1050 3992 est
1060 3941 1188 4000 omnibus,
1197 3946 1252 4008 qui·

190 4003 378 4057 ¹ABrssds'sio
388 4009 577 4074 Dynbuciissr]
596 4011 685 4062 Deliis
725 4013 773 4062 bos
799 4012 910 4064 infausta
935 4013 993 4063 iore
1021 4017 1137 4080 consilis,
1160 4019 1251 4083 religio

158 4079 267 4130 urbibus
278 4096 335 4148 cap.
348 4089 388 4134 tt.
403 4086 459 4136 bsec
471 4092 512 4150 est
522 4087 632 4137 celebris
643 4089 687 4138 illa
725 4089 866 4152 susdebst;
884 4089 952 4155 quud
974 4091 1048 4142 uobis
1069 4093 1165 4145 dicitur
1186 4109 1252 4145 sors-

160 4157 685 4226 occssio,quaCsessrrenuentiAmyclae,
722 4165 786 4228 ptis.

159 4227 199 4296 (id
214 4241 272 4284 esst
289 4235 455 4300 gubernatori
467 4235 582 4301 nomem)
592 4251 686 4302 appre-
