<?xml version="1.0" encoding="UTF-8"?>
<!DOCTYPE html PUBLIC "-//W3C//DTD XHTML 1.0 Transitional//EN"
    "http://www.w3.org/TR/xhtml1/DTD/xhtml1-transitional.dtd">
<html xmlns="http://www.w3.org/1999/xhtml" xml:lang="en" lang="en">
 <head>
  <title>
</title>
<meta http-equiv="Content-Type" content="text/html;charset=utf-8" />
  <meta name='ocr-system' content='tesseract 3.04.00' />
  <meta name='ocr-capabilities' content='ocr_page ocr_carea ocr_par ocr_line ocrx_word'/>
</head>
<body>
  <div class='ocr_page' id='page_1' title='image "./operaomniaexedi02suetgoog_0291.png"; bbox 0 0 3228 4926; ppageno 0'>
   <div class='ocr_carea' id='block_1_1' title="bbox 316 325 1001 410">
    <p class='ocr_par' dir='ltr' id='par_1_1' title="bbox 316 325 1001 410">
     <span class='ocr_line' id='line_1_1' title="bbox 316 325 1001 410; baseline -0.012 1"><span class='ocrx_word' id='word_1_1' title='bbox 316 345 381 410; x_wconf 75' lang='lat'>280</span> <span class='ocrx_word' id='word_1_2' title='bbox 747 361 778 407; x_wconf 88' lang='lat' dir='ltr'>c.</span> <span class='ocrx_word' id='word_1_3' title='bbox 801 325 1001 407; x_wconf 63' lang='lat' dir='ltr'>sunnonis*</span> 
     </span>
    </p>
   </div>
   <div class='ocr_carea' id='block_1_2' title="bbox 316 501 1410 1696">
    <p class='ocr_par' dir='ltr' id='par_1_2' title="bbox 316 501 1410 1696">
     <span class='ocr_line' id='line_1_2' title="bbox 317 501 1408 580; baseline -0.001 -13"><span class='ocrx_word' id='word_1_4' title='bbox 317 503 405 580; x_wconf 90' lang='lat' dir='ltr'>dine,</span> <span class='ocrx_word' id='word_1_5' title='bbox 430 503 549 568; x_wconf 75' lang='lat' dir='ltr'>lectica</span> <span class='ocrx_word' id='word_1_6' title='bbox 572 503 727 580; x_wconf 67' lang='lat' dir='ltr'>cubans,8</span> <span class='ocrx_word' id='word_1_7' title='bbox 754 509 864 566; x_wconf 84' lang='lat' dir='ltr'>tensas</span> <span class='ocrx_word' id='word_1_8' title='bbox 890 501 1085 566; x_wconf 78' lang='lat' dir='ltr'>deduceret:</span> <span class='ocrx_word' id='word_1_9' title='bbox 1112 517 1227 565; x_wconf 83' lang='lat' dir='ltr'>rursus</span> <span class='ocrx_word' id='word_1_10' title='bbox 1251 503 1408 566; x_wconf 86' lang='lat' dir='ltr'>commis-</span> 
     </span>
     <span class='ocr_line' id='line_1_3' title="bbox 316 601 1408 686; baseline -0.001 -18"><span class='ocrx_word' id='word_1_11' title='bbox 316 605 409 668; x_wconf 80' lang='lat' dir='ltr'><strong>sione</strong></span> <span class='ocrx_word' id='word_1_12' title='bbox 423 602 587 680; x_wconf 89' lang='lat' dir='ltr'>ludorum,</span> <span class='ocrx_word' id='word_1_13' title='bbox 603 603 726 686; x_wconf 90' lang='lat' dir='ltr'>quibus</span> <span class='ocrx_word' id='word_1_14' title='bbox 742 603 903 666; x_wconf 83' lang='lat' dir='ltr'>theatrum</span> <span class='ocrx_word' id='word_1_15' title='bbox 918 602 1071 666; x_wconf 79' lang='lat' dir='ltr'>Marcelli</span> <span class='ocrx_word' id='word_1_16' title='bbox 1086 601 1273 678; x_wconf 73' lang='lat' dir='ltr'>dedicabat,</span> <span class='ocrx_word' id='word_1_17' title='bbox 1288 605 1408 682; x_wconf 88' lang='lat' dir='ltr'>evenit,</span> 
     </span>
     <span class='ocr_line' id='line_1_4' title="bbox 316 701 1408 787; baseline -0.002 -19"><span class='ocrx_word' id='word_1_18' title='bbox 316 713 367 783; x_wconf 93' lang='lat' dir='ltr'>ut,</span> <span class='ocrx_word' id='word_1_19' title='bbox 381 704 544 769; x_wconf 84' lang='lat' dir='ltr'>laxatis¹⁰</span> <span class='ocrx_word' id='word_1_20' title='bbox 569 705 660 770; x_wconf 76' lang='lat' dir='ltr'>sellae</span> <span class='ocrx_word' id='word_1_21' title='bbox 684 705 807 768; x_wconf 87' lang='lat' dir='ltr'>curulis</span> <span class='ocrx_word' id='word_1_22' title='bbox 833 701 1081 787; x_wconf 83' lang='lat' dir='ltr'>compagibus,&#39;¹</span> <span class='ocrx_word' id='word_1_23' title='bbox 1107 703 1243 767; x_wconf 85' lang='lat' dir='ltr'>caderet</span> <span class='ocrx_word' id='word_1_24' title='bbox 1257 705 1408 786; x_wconf 85' lang='lat' dir='ltr'>supinus.</span> 
     </span>
     <span class='ocr_line' id='line_1_5' title="bbox 316 807 1407 891; baseline -0.001 -20"><span class='ocrx_word' id='word_1_25' title='bbox 316 807 488 889; x_wconf 76' lang='lat' dir='ltr'>Nepotem</span> <span class='ocrx_word' id='word_1_26' title='bbox 504 825 639 891; x_wconf 88' lang='lat' dir='ltr'>qnoque</span> <span class='ocrx_word' id='word_1_27' title='bbox 655 825 789 871; x_wconf 89' lang='lat' dir='ltr'>suorum</span> <span class='ocrx_word' id='word_1_28' title='bbox 800 826 945 884; x_wconf 88' lang='lat' dir='ltr'>munere,</span> <span class='ocrx_word' id='word_1_29' title='bbox 957 826 1033 870; x_wconf 90' lang='lat' dir='ltr'>cum</span> <span class='ocrx_word' id='word_1_30' title='bbox 1045 810 1290 870; x_wconf 86' lang='lat' dir='ltr'>consternatum</span> <span class='ocrx_word' id='word_1_31' title='bbox 1305 807 1407 870; x_wconf 84' lang='lat' dir='ltr'>ruinae</span> 
     </span>
     <span class='ocr_line' id='line_1_6' title="bbox 316 906 1409 996; baseline -0.003 -23"><span class='ocrx_word' id='word_1_32' title='bbox 316 917 410 974; x_wconf 90' lang='lat' dir='ltr'>metu</span> <span class='ocrx_word' id='word_1_33' title='bbox 432 912 591 996; x_wconf 87' lang='lat' dir='ltr'>populum</span> <span class='ocrx_word' id='word_1_34' title='bbox 614 911 751 977; x_wconf 87' lang='lat' dir='ltr'>retinere</span> <span class='ocrx_word' id='word_1_35' title='bbox 776 920 810 978; x_wconf 87' lang='lat' dir='ltr'>et</span> <span class='ocrx_word' id='word_1_36' title='bbox 835 911 1030 978; x_wconf 86' lang='lat' dir='ltr'>confirmare</span> <span class='ocrx_word' id='word_1_37' title='bbox 1053 906 1269 982; x_wconf 85' lang='lat' dir='ltr'>nullomodo</span> <span class='ocrx_word' id='word_1_38' title='bbox 1284 913 1409 988; x_wconf 86' lang='lat' dir='ltr'>posset,</span> 
     </span>
     <span class='ocr_line' id='line_1_7' title="bbox 319 1006 1409 1099; baseline -0.005 -26"><span class='ocrx_word' id='word_1_39' title='bbox 319 1012 448 1076; x_wconf 82' lang='lat' dir='ltr'>transiit</span> <span class='ocrx_word' id='word_1_40' title='bbox 471 1033 490 1077; x_wconf 91' lang='lat' dir='ltr'>e</span> <span class='ocrx_word' id='word_1_41' title='bbox 514 1013 593 1077; x_wconf 88' lang='lat' dir='ltr'>loco</span> <span class='ocrx_word' id='word_1_42' title='bbox 616 1031 691 1089; x_wconf 87' lang='lat' dir='ltr'>suo,</span> <span class='ocrx_word' id='word_1_43' title='bbox 713 1021 821 1099; x_wconf 90' lang='lat' dir='ltr'>atque</span> <span class='ocrx_word' id='word_1_44' title='bbox 838 1013 873 1075; x_wconf 94' lang='lat' dir='ltr'>in</span> <span class='ocrx_word' id='word_1_45' title='bbox 896 1029 937 1076; x_wconf 84' lang='lat' dir='ltr'>ea</span> <span class='ocrx_word' id='word_1_46' title='bbox 958 1015 1052 1093; x_wconf 84' lang='lat' dir='ltr'>parte</span> <span class='ocrx_word' id='word_1_47' title='bbox 1074 1006 1239 1084; x_wconf 88' lang='lat' dir='ltr'>consedit,</span> <span class='ocrx_word' id='word_1_48' title='bbox 1261 1025 1337 1089; x_wconf 88' lang='lat' dir='ltr'>qnae</span> <span class='ocrx_word' id='word_1_49' title='bbox 1351 1025 1409 1068; x_wconf 88' lang='lat' dir='ltr'>su·</span> 
     </span>
     <span class='ocr_line' id='line_1_8' title="bbox 322 1104 1406 1197; baseline -0.004 -22"><span class='ocrx_word' id='word_1_50' title='bbox 322 1118 444 1194; x_wconf 83' lang='lat' dir='ltr'>specta</span> <span class='ocrx_word' id='word_1_51' title='bbox 455 1115 603 1178; x_wconf 84' lang='lat' dir='ltr'>maxime</span> <span class='ocrx_word' id='word_1_52' title='bbox 618 1120 699 1178; x_wconf 87' lang='lat' dir='ltr'>erat.</span> <span class='ocrx_word' id='word_1_53' title='bbox 742 1113 825 1197; x_wconf 84' lang='grc'><strong>[44.]</strong></span> <span class='ocrx_word' id='word_1_54' title='bbox 841 1110 1024 1196; x_wconf 82' lang='lat' dir='ltr'>Spectandi</span> <span class='ocrx_word' id='word_1_55' title='bbox 1040 1104 1327 1175; x_wconf 66' lang='lat' dir='ltr'>confusissimum*</span> <span class='ocrx_word' id='word_1_56' title='bbox 1343 1114 1406 1171; x_wconf 85' lang='lat' dir='ltr'>ac&#39;</span> 
     </span>
     <span class='ocr_line' id='line_1_9' title="bbox 318 1207 1410 1294; baseline -0.002 -19"><span class='ocrx_word' id='word_1_57' title='bbox 318 1211 563 1277; x_wconf 80' lang='lat' dir='ltr'>solutissimum</span> <span class='ocrx_word' id='word_1_58' title='bbox 584 1233 710 1278; x_wconf 89' lang='lat' dir='ltr'>morem</span> <span class='ocrx_word' id='word_1_59' title='bbox 732 1214 875 1278; x_wconf 81' lang='lat' dir='ltr'>correxit</span> <span class='ocrx_word' id='word_1_60' title='bbox 898 1207 1140 1294; x_wconf 85' lang='lat' dir='ltr'>ordinavitque,</span> <span class='ocrx_word' id='word_1_61' title='bbox 1165 1215 1273 1274; x_wconf 89' lang='lat' dir='ltr'>motus</span> <span class='ocrx_word' id='word_1_62' title='bbox 1288 1207 1410 1291; x_wconf 87' lang='lat' dir='ltr'>injuria</span> 
     </span>
     <span class='ocr_line' id='line_1_10' title="bbox 318 1310 1409 1397; baseline -0.001 -22"><span class='ocrx_word' id='word_1_63' title='bbox 318 1310 501 1388; x_wconf 85' lang='lat' dir='ltr'>Senatoris,</span> <span class='ocrx_word' id='word_1_64' title='bbox 513 1333 614 1396; x_wconf 88' lang='lat' dir='ltr'>quem</span> <span class='ocrx_word' id='word_1_65' title='bbox 629 1311 802 1378; x_wconf 74' lang='lat' dir='ltr'>Puteolisk</span> <span class='ocrx_word' id='word_1_66' title='bbox 817 1333 876 1397; x_wconf 82' lang='lat' dir='ltr'>per</span> <span class='ocrx_word' id='word_1_67' title='bbox 887 1313 1121 1378; x_wconf 87' lang='lat' dir='ltr'>celeberrimos</span> <span class='ocrx_word' id='word_1_68' title='bbox 1135 1312 1234 1376; x_wconf 90' lang='lat' dir='ltr'>ludos</span> <span class='ocrx_word' id='word_1_69' title='bbox 1245 1329 1409 1375; x_wconf 87' lang='lat' dir='ltr'>consessu</span> 
     </span>
     <span class='ocr_line' id='line_1_11' title="bbox 316 1410 1408 1498; baseline 0 -24"><span class='ocrx_word' id='word_1_70' title='bbox 316 1411 481 1496; x_wconf 80' lang='lat' dir='ltr'>frequenti</span> <span class='ocrx_word' id='word_1_71' title='bbox 506 1431 605 1479; x_wconf 91' lang='lat' dir='ltr'>nemo</span> <span class='ocrx_word' id='word_1_72' title='bbox 630 1423 813 1498; x_wconf 84' lang='lat' dir='ltr'>receperat·</span> <span class='ocrx_word' id='word_1_73' title='bbox 858 1414 967 1479; x_wconf 88' lang='lat' dir='ltr'>Facto</span> <span class='ocrx_word' id='word_1_74' title='bbox 992 1415 1092 1496; x_wconf 81' lang='lat' dir='ltr'>igitur</span> <span class='ocrx_word' id='word_1_75' title='bbox 1112 1412 1245 1476; x_wconf 91' lang='lat' dir='ltr'>decreto</span> <span class='ocrx_word' id='word_1_76' title='bbox 1262 1410 1408 1486; x_wconf 82' lang='lat' dir='ltr'>Petrum,</span> 
     </span>
     <span class='ocr_line' id='line_1_12' title="bbox 317 1512 1408 1602; baseline -0.001 -27"><span class='ocrx_word' id='word_1_77' title='bbox 317 1520 368 1589; x_wconf 90' lang='lat' dir='ltr'>ut,</span> <span class='ocrx_word' id='word_1_78' title='bbox 384 1517 521 1598; x_wconf 88' lang='lat' dir='ltr'>quoties</span> <span class='ocrx_word' id='word_1_79' title='bbox 535 1515 614 1598; x_wconf 93' lang='lat' dir='ltr'>quid</span> <span class='ocrx_word' id='word_1_80' title='bbox 631 1517 841 1602; x_wconf 84' lang='lat' dir='ltr'>spectaculi²</span> <span class='ocrx_word' id='word_1_81' title='bbox 861 1535 1002 1599; x_wconf 86' lang='lat' dir='ltr'>usquam</span> <span class='ocrx_word' id='word_1_82' title='bbox 1017 1514 1152 1598; x_wconf 88' lang='lat' dir='ltr'>publice</span> <span class='ocrx_word' id='word_1_83' title='bbox 1166 1512 1327 1589; x_wconf 84' lang='lat' dir='ltr'>ederetur,</span> <span class='ocrx_word' id='word_1_84' title='bbox 1341 1513 1408 1594; x_wconf 86' lang='lat' dir='ltr'>pri-</span> 
     </span>
     <span class='ocr_line' id='line_1_13' title="bbox 317 1612 1409 1696; baseline 0 -19"><span class='ocrx_word' id='word_1_85' title='bbox 317 1633 394 1678; x_wconf 89' lang='lat' dir='ltr'>mus</span> <span class='ocrx_word' id='word_1_86' title='bbox 408 1616 643 1680; x_wconf 83' lang='lat' dir='ltr'>subselliorum</span> <span class='ocrx_word' id='word_1_87' title='bbox 656 1614 754 1681; x_wconf 91' lang='lat' dir='ltr'>ordo¹</span> <span class='ocrx_word' id='word_1_88' title='bbox 772 1624 907 1682; x_wconf 87' lang='lat' dir='ltr'>vacaret</span> <span class='ocrx_word' id='word_1_89' title='bbox 921 1616 1159 1696; x_wconf 84' lang='lat' dir='ltr'>senatoribus;</span> <span class='ocrx_word' id='word_1_90' title='bbox 1182 1613 1304 1678; x_wconf 83' lang='lat' dir='ltr'>Romae</span> <span class='ocrx_word' id='word_1_91' title='bbox 1317 1612 1409 1696; x_wconf 84' lang='lat' dir='ltr'>lega·</span> 
     </span>
    </p>
   </div>
   <div class='ocr_carea' id='block_1_3' title="bbox 820 1792 955 1814">
    <p class='ocr_par' dir='ltr' id='par_1_3' title="bbox 820 1792 955 1814">
     <span class='ocr_line' id='line_1_14' title="bbox 820 1792 955 1814; baseline 0 0"><span class='ocrx_word' id='word_1_92' title='bbox 820 1792 955 1814; x_wconf 79' lang='grc'><strong><em>000000000</em></strong></span> 
     </span>
    </p>
   </div>
   <div class='ocr_carea' id='block_1_4' title="bbox 317 1903 1410 2294">
    <p class='ocr_par' dir='ltr' id='par_1_4' title="bbox 317 1903 1410 2294">
     <span class='ocr_line' id='line_1_15' title="bbox 319 1903 1408 1959; baseline -0.002 -3"><span class='ocrx_word' id='word_1_93' title='bbox 319 1909 344 1956; x_wconf 74' lang='grc'>2.</span> <span class='ocrx_word' id='word_1_94' title='bbox 358 1905 434 1956; x_wconf 87' lang='lat' dir='ltr'>Huls.</span> <span class='ocrx_word' id='word_1_95' title='bbox 457 1907 531 1956; x_wconf 87' lang='lat' dir='ltr'>Dant</span> <span class='ocrx_word' id='word_1_96' title='bbox 540 1921 599 1958; x_wconf 86' lang='lat' dir='ltr'>mox</span> <span class='ocrx_word' id='word_1_97' title='bbox 611 1908 687 1959; x_wconf 83' lang='lat' dir='ltr'>codd.</span> <span class='ocrx_word' id='word_1_98' title='bbox 696 1907 777 1959; x_wconf 85' lang='lat' dir='ltr'>Polit.</span> <span class='ocrx_word' id='word_1_99' title='bbox 792 1913 872 1958; x_wconf 83' lang='lat' dir='ltr'>terreas</span> <span class='ocrx_word' id='word_1_100' title='bbox 882 1922 964 1957; x_wconf 80' lang='grc' dir='ltr'>ιιιιιιιιιι</span> <span class='ocrx_word' id='word_1_101' title='bbox 973 1907 1121 1957; x_wconf 75' lang='lat' dir='ltr'>‹ledae-1⁰</span> <span class='ocrx_word' id='word_1_102' title='bbox 1137 1904 1246 1954; x_wconf 68' lang='lat' dir='ltr'>insutis</span> <span class='ocrx_word' id='word_1_103' title='bbox 1258 1903 1330 1954; x_wconf 83' lang='lat' dir='ltr'>Cort.</span> <span class='ocrx_word' id='word_1_104' title='bbox 1341 1903 1408 1954; x_wconf 91' lang='lat' dir='ltr'>Edd.</span> 
     </span>
     <span class='ocr_line' id='line_1_16' title="bbox 319 1969 1409 2022; baseline -0.002 -3"><span class='ocrx_word' id='word_1_105' title='bbox 319 1971 393 2020; x_wconf 76' lang='lat' dir='ltr'>Rom</span> <span class='ocrx_word' id='word_1_106' title='bbox 411 1971 512 2021; x_wconf 78' lang='lat' dir='ltr'>Mavult</span> <span class='ocrx_word' id='word_1_107' title='bbox 522 1972 598 2022; x_wconf 84' lang='lat' dir='ltr'>Torr.</span> <span class='ocrx_word' id='word_1_108' title='bbox 609 1973 706 2022; x_wconf 68' lang='lat' dir='ltr'>lateatis.</span> <span class='ocrx_word' id='word_1_109' title='bbox 737 1973 768 2022; x_wconf 91' lang='lat' dir='ltr'>Iu</span> <span class='ocrx_word' id='word_1_110' title='bbox 779 1972 857 2021; x_wconf 82' lang='lat' dir='ltr'>vind.</span> <span class='ocrx_word' id='word_1_111' title='bbox 868 1977 893 2022; x_wconf 77' lang='lat'>2.</span> <span class='ocrx_word' id='word_1_112' title='bbox 905 1979 933 2021; x_wconf 89' lang='lat' dir='ltr'>et</span> <span class='ocrx_word' id='word_1_113' title='bbox 944 1972 1011 2022; x_wconf 81' lang='lat' dir='ltr'>Edd.</span> <span class='ocrx_word' id='word_1_114' title='bbox 1022 1971 1098 2020; x_wconf 88' lang='lat' dir='ltr'>Rom.</span> <span class='ocrx_word' id='word_1_115' title='bbox 1108 1970 1176 2019; x_wconf 89' lang='lat' dir='ltr'>Ven.</span> <span class='ocrx_word' id='word_1_116' title='bbox 1185 1969 1257 2019; x_wconf 90' lang='lat' dir='ltr'>Med.</span> <span class='ocrx_word' id='word_1_117' title='bbox 1268 1971 1409 2018; x_wconf 62' lang='lat' dir='ltr'>arrath.—</span> 
     </span>
     <span class='ocr_line' id='line_1_17' title="bbox 318 2033 1408 2098; baseline -0.002 -16"><span class='ocrx_word' id='word_1_118' title='bbox 318 2039 331 2082; x_wconf 85' lang='lat'>1</span> <span class='ocrx_word' id='word_1_119' title='bbox 351 2033 431 2098; x_wconf 75' lang='lat' dir='ltr'>Atque</span> <span class='ocrx_word' id='word_1_120' title='bbox 440 2038 483 2083; x_wconf 87' lang='lat' dir='ltr'>eol.</span> <span class='ocrx_word' id='word_1_121' title='bbox 494 2035 578 2084; x_wconf 75' lang='lat' dir='ltr'>Perit.</span> <span class='ocrx_word' id='word_1_122' title='bbox 587 2035 704 2086; x_wconf 83' lang='lat' dir='ltr'>Heriem.</span> <span class='ocrx_word' id='word_1_123' title='bbox 718 2036 784 2086; x_wconf 82' lang='lat' dir='ltr'>Edd.</span> <span class='ocrx_word' id='word_1_124' title='bbox 795 2037 869 2085; x_wconf 87' lang='lat' dir='ltr'>Vett.</span> <span class='ocrx_word' id='word_1_125' title='bbox 881 2035 937 2085; x_wconf 83' lang='lat' dir='ltr'>lere</span> <span class='ocrx_word' id='word_1_126' title='bbox 949 2037 983 2086; x_wconf 88' lang='lat'>0.</span> <span class='ocrx_word' id='word_1_127' title='bbox 997 2033 1243 2084; x_wconf 63' lang='lat' dir='ltr'>mariamniae.</span> <span class='ocrx_word' id='word_1_128' title='bbox 1276 2033 1343 2081; x_wconf 83' lang='lat' dir='ltr'>Dein</span> <span class='ocrx_word' id='word_1_129' title='bbox 1355 2046 1408 2081; x_wconf 81' lang='lat' dir='ltr'>ees·</span> 
     </span>
     <span class='ocr_line' id='line_1_18' title="bbox 317 2097 1408 2164; baseline -0.001 -17"><span class='ocrx_word' id='word_1_130' title='bbox 317 2111 388 2147; x_wconf 74' lang='lat' dir='ltr'>sem</span> <span class='ocrx_word' id='word_1_131' title='bbox 406 2100 531 2148; x_wconf 71' lang='lat' dir='ltr'>Vota-2</span> <span class='ocrx_word' id='word_1_132' title='bbox 548 2101 632 2163; x_wconf 73' lang='lat' dir='ltr'>Vulgo</span> <span class='ocrx_word' id='word_1_133' title='bbox 651 2103 808 2164; x_wconf 65' lang='lat' dir='ltr'>spectandae.</span> <span class='ocrx_word' id='word_1_134' title='bbox 843 2101 964 2149; x_wconf 83' lang='lat' dir='ltr'>Nostram</span> <span class='ocrx_word' id='word_1_135' title='bbox 982 2101 1040 2148; x_wconf 90' lang='lat' dir='ltr'>lect.</span> <span class='ocrx_word' id='word_1_136' title='bbox 1057 2104 1187 2148; x_wconf 85' lang='lat' dir='ltr'>testentur</span> <span class='ocrx_word' id='word_1_137' title='bbox 1200 2097 1308 2146; x_wconf 87' lang='lat' dir='ltr'>Mearm.</span> <span class='ocrx_word' id='word_1_138' title='bbox 1332 2098 1408 2146; x_wconf 79' lang='lat' dir='ltr'>Fouc.</span> 
     </span>
     <span class='ocr_line' id='line_1_19' title="bbox 319 2161 1408 2230; baseline -0.003 -19"><span class='ocrx_word' id='word_1_139' title='bbox 319 2162 392 2212; x_wconf 87' lang='lat' dir='ltr'>Dua.</span> <span class='ocrx_word' id='word_1_140' title='bbox 404 2164 501 2214; x_wconf 83' lang='lat' dir='ltr'>Medic.</span> <span class='ocrx_word' id='word_1_141' title='bbox 518 2170 581 2225; x_wconf 88' lang='lat' dir='ltr'>tres,</span> <span class='ocrx_word' id='word_1_142' title='bbox 597 2171 707 2230; x_wconf 87' lang='lat' dir='ltr'>uterque</span> <span class='ocrx_word' id='word_1_143' title='bbox 720 2163 877 2227; x_wconf 72' lang='lat' dir='ltr'>Vindilop.</span> <span class='ocrx_word' id='word_1_144' title='bbox 894 2164 954 2213; x_wconf 89' lang='lat' dir='ltr'>Pin.</span> <span class='ocrx_word' id='word_1_145' title='bbox 972 2170 1000 2213; x_wconf 87' lang='lat' dir='ltr'>ct</span> <span class='ocrx_word' id='word_1_146' title='bbox 1016 2161 1093 2212; x_wconf 88' lang='lat' dir='ltr'>codd.</span> <span class='ocrx_word' id='word_1_147' title='bbox 1112 2163 1198 2212; x_wconf 83' lang='lat' dir='ltr'>Palm.</span> <span class='ocrx_word' id='word_1_148' title='bbox 1215 2175 1245 2210; x_wconf 89' lang='lat' dir='ltr'>ae</span> <span class='ocrx_word' id='word_1_149' title='bbox 1261 2163 1338 2210; x_wconf 84' lang='lat' dir='ltr'>Torr.</span> <span class='ocrx_word' id='word_1_150' title='bbox 1349 2175 1408 2209; x_wconf 83' lang='lat' dir='ltr'>cunr</span> 
     </span>
     <span class='ocr_line' id='line_1_20' title="bbox 319 2224 1410 2294; baseline -0.001 -18"><span class='ocrx_word' id='word_1_151' title='bbox 319 2225 388 2278; x_wconf 84' lang='lat' dir='ltr'>Edd.</span> <span class='ocrx_word' id='word_1_152' title='bbox 405 2227 478 2278; x_wconf 79' lang='lat' dir='ltr'>tunt.</span> <span class='ocrx_word' id='word_1_153' title='bbox 494 2228 556 2294; x_wconf 70' lang='grc' dir='ltr'>Δις.</span> <span class='ocrx_word' id='word_1_154' title='bbox 572 2229 661 2294; x_wconf 75' lang='lat' dir='ltr'>steph.</span> <span class='ocrx_word' id='word_1_155' title='bbox 677 2231 767 2293; x_wconf 71' lang='lat' dir='ltr'>quoties</span> <span class='ocrx_word' id='word_1_156' title='bbox 781 2228 903 2291; x_wconf 64' lang='lat' dir='ltr'>mandi</span> <span class='ocrx_word' id='word_1_157' title='bbox 920 2228 975 2278; x_wconf 85' lang='lat' dir='ltr'>sine</span> <span class='ocrx_word' id='word_1_158' title='bbox 992 2226 1049 2292; x_wconf 81' lang='lat' dir='ltr'>quid</span> <span class='ocrx_word' id='word_1_159' title='bbox 1067 2228 1139 2277; x_wconf 80' lang='lat' dir='ltr'>tlort.</span> <span class='ocrx_word' id='word_1_160' title='bbox 1155 2224 1223 2275; x_wconf 82' lang='lat' dir='ltr'>Edd.</span> <span class='ocrx_word' id='word_1_161' title='bbox 1235 2225 1326 2288; x_wconf 81' lang='lat' dir='ltr'>camp.</span> <span class='ocrx_word' id='word_1_162' title='bbox 1337 2225 1410 2275; x_wconf 89' lang='lat' dir='ltr'>Med.</span> 
     </span>
    </p>
   </div>
   <div class='ocr_carea' id='block_1_5' title="bbox 809 2367 916 2422">
    <p class='ocr_par' dir='ltr' id='par_1_5' title="bbox 809 2367 916 2422">
     <span class='ocr_line' id='line_1_21' title="bbox 809 2367 916 2422; baseline -0.037 0"><span class='ocrx_word' id='word_1_163' title='bbox 809 2367 916 2422; x_wconf 78' lang='lat' dir='ltr'>NO&#39;l&#39;AE</span> 
     </span>
    </p>
   </div>
   <div class='ocr_carea' id='block_1_6' title="bbox 311 2466 1414 4272">
    <p class='ocr_par' dir='ltr' id='par_1_6' title="bbox 311 2466 1414 4272">
     <span class='ocr_line' id='line_1_22' title="bbox 321 2466 1409 2533; baseline -0.006 -14"><span class='ocrx_word' id='word_1_164' title='bbox 321 2467 423 2532; x_wconf 82' lang='lat' dir='ltr'>timent,</span> <span class='ocrx_word' id='word_1_165' title='bbox 434 2467 468 2518; x_wconf 90' lang='lat' dir='ltr'>de</span> <span class='ocrx_word' id='word_1_166' title='bbox 479 2469 571 2533; x_wconf 87' lang='lat' dir='ltr'>qulbus</span> <span class='ocrx_word' id='word_1_167' title='bbox 582 2483 606 2519; x_wconf 86' lang='lat' dir='ltr'>c.</span> <span class='ocrx_word' id='word_1_168' title='bbox 616 2473 658 2520; x_wconf 71' lang='lat' dir='ltr'>st.</span> <span class='ocrx_word' id='word_1_169' title='bbox 884 2467 915 2518; x_wconf 85' lang='lat' dir='ltr'>C.</span> <span class='ocrx_word' id='word_1_170' title='bbox 927 2466 1062 2517; x_wconf 82' lang='lat' dir='ltr'>Cornelius</span> <span class='ocrx_word' id='word_1_171' title='bbox 1073 2466 1203 2530; x_wconf 76' lang='lat' dir='ltr'>Cethegus</span> <span class='ocrx_word' id='word_1_172' title='bbox 1213 2475 1340 2524; x_wconf 88' lang='lat' dir='ltr'>censores,</span> <span class='ocrx_word' id='word_1_173' title='bbox 1351 2477 1409 2526; x_wconf 73' lang='lat' dir='ltr'>qra-</span> 
     </span>
     <span class='ocr_line' id='line_1_23' title="bbox 351 2540 1409 2611; baseline -0.008 -17"><span class='ocrx_word' id='word_1_174' title='bbox 351 2553 364 2588; x_wconf 74' lang='lat' dir='ltr'>t</span> <span class='ocrx_word' id='word_1_175' title='bbox 379 2544 474 2594; x_wconf 78' lang='lat' dir='ltr'>Lectica</span> <span class='ocrx_word' id='word_1_176' title='bbox 484 2543 587 2606; x_wconf 41' lang='lat' dir='ltr'>fabrus]</span> <span class='ocrx_word' id='word_1_177' title='bbox 603 2545 669 2595; x_wconf 84' lang='lat' dir='ltr'>Nem</span> <span class='ocrx_word' id='word_1_178' title='bbox 687 2545 784 2611; x_wconf 87' lang='lat' dir='ltr'>absque</span> <span class='ocrx_word' id='word_1_179' title='bbox 799 2561 844 2597; x_wconf 81' lang='lat' dir='ltr'>va.</span> <span class='ocrx_word' id='word_1_180' title='bbox 884 2541 947 2592; x_wconf 88' lang='lat' dir='ltr'>tlara</span> <span class='ocrx_word' id='word_1_181' title='bbox 959 2542 1092 2606; x_wconf 75' lang='lat' dir='ltr'>ingentem</span> <span class='ocrx_word' id='word_1_182' title='bbox 1104 2540 1173 2603; x_wconf 82' lang='lat' dir='ltr'>apud</span> <span class='ocrx_word' id='word_1_183' title='bbox 1181 2541 1303 2589; x_wconf 82' lang='lat' dir='ltr'>Senatum</span> <span class='ocrx_word' id='word_1_184' title='bbox 1317 2551 1409 2602; x_wconf 81' lang='lat' dir='ltr'>peper-</span> 
     </span>
     <span class='ocr_line' id='line_1_24' title="bbox 319 2616 1410 2684; baseline -0.006 -13"><span class='ocrx_word' id='word_1_185' title='bbox 319 2619 632 2682; x_wconf 81' lang='lat' dir='ltr'>letrdiuclnisset,enrru</span> <span class='ocrx_word' id='word_1_186' title='bbox 643 2621 844 2684; x_wconf 75' lang='lat' dir='ltr'>triumphalium·</span> <span class='ocrx_word' id='word_1_187' title='bbox 883 2625 968 2682; x_wconf 86' lang='lat' dir='ltr'>eraut,</span> <span class='ocrx_word' id='word_1_188' title='bbox 979 2618 1048 2683; x_wconf 88' lang='lat' dir='ltr'>quod</span> <span class='ocrx_word' id='word_1_189' title='bbox 1066 2617 1132 2668; x_wconf 85' lang='lat' dir='ltr'>ludis</span> <span class='ocrx_word' id='word_1_190' title='bbox 1149 2616 1279 2680; x_wconf 79' lang='lat' dir='ltr'>Romania,</span> <span class='ocrx_word' id='word_1_191' title='bbox 1294 2616 1410 2666; x_wconf 80' lang='lat' dir='ltr'>sedilibus</span> 
     </span>
     <span class='ocr_line' id='line_1_25' title="bbox 316 2693 1410 2758; baseline -0.004 -13"><span class='ocrx_word' id='word_1_192' title='bbox 316 2704 378 2745; x_wconf 79' lang='lat' dir='ltr'>rato</span> <span class='ocrx_word' id='word_1_193' title='bbox 396 2702 495 2756; x_wconf 85' lang='lat' dir='ltr'>rectus,</span> <span class='ocrx_word' id='word_1_194' title='bbox 510 2707 561 2744; x_wconf 86' lang='lat' dir='ltr'>uon</span> <span class='ocrx_word' id='word_1_195' title='bbox 576 2694 673 2744; x_wconf 80' lang='lat' dir='ltr'>lectica</span> <span class='ocrx_word' id='word_1_196' title='bbox 687 2696 794 2758; x_wconf 85' lang='lat' dir='ltr'>cabsue,</span> <span class='ocrx_word' id='word_1_197' title='bbox 804 2711 845 2746; x_wconf 91' lang='lat' dir='ltr'>ss·</span> <span class='ocrx_word' id='word_1_198' title='bbox 883 2695 1015 2745; x_wconf 80' lang='lat' dir='ltr'>curulibus</span> <span class='ocrx_word' id='word_1_199' title='bbox 1032 2695 1200 2758; x_wconf 80' lang='lat' dir='ltr'>imperarunt,</span> <span class='ocrx_word' id='word_1_200' title='bbox 1210 2699 1241 2742; x_wconf 90' lang='lat' dir='ltr'>ut</span> <span class='ocrx_word' id='word_1_201' title='bbox 1258 2694 1315 2742; x_wconf 86' lang='lat' dir='ltr'>loce</span> <span class='ocrx_word' id='word_1_202' title='bbox 1330 2693 1410 2742; x_wconf 84' lang='lat' dir='ltr'>Seus-</span> 
     </span>
     <span class='ocr_line' id='line_1_26' title="bbox 320 2770 1411 2834; baseline -0.003 -14"><span class='ocrx_word' id='word_1_203' title='bbox 320 2783 364 2820; x_wconf 88' lang='lat' dir='ltr'>crs</span> <span class='ocrx_word' id='word_1_204' title='bbox 383 2777 411 2819; x_wconf 88' lang='lat' dir='ltr'>et</span> <span class='ocrx_word' id='word_1_205' title='bbox 437 2784 556 2834; x_wconf 76' lang='lat' dir='ltr'>pompm</span> <span class='ocrx_word' id='word_1_206' title='bbox 573 2772 724 2834; x_wconf 75' lang='lat' dir='ltr'>praecedens</span> <span class='ocrx_word' id='word_1_207' title='bbox 744 2785 845 2822; x_wconf 83' lang='lat' dir='ltr'>ornnem</span> <span class='ocrx_word' id='word_1_208' title='bbox 884 2771 951 2821; x_wconf 84' lang='lat' dir='ltr'>toris</span> <span class='ocrx_word' id='word_1_209' title='bbox 967 2770 1279 2832; x_wconf 79' lang='lat' dir='ltr'>secernerentepopulot</span> <span class='ocrx_word' id='word_1_210' title='bbox 1297 2783 1356 2818; x_wconf 86' lang='lat' dir='ltr'>nem</span> <span class='ocrx_word' id='word_1_211' title='bbox 1367 2783 1411 2817; x_wconf 86' lang='lat' dir='ltr'>au·</span> 
     </span>
     <span class='ocr_line' id='line_1_27' title="bbox 320 2842 1410 2910; baseline 0 -18"><span class='ocrx_word' id='word_1_212' title='bbox 320 2843 447 2894; x_wconf 81' lang='lat' dir='ltr'>duxisset.</span> <span class='ocrx_word' id='word_1_213' title='bbox 481 2843 802 2896; x_wconf 83' lang='lat' dir='ltr'>Detensisianl.c.&#39;ltl.</span> <span class='ocrx_word' id='word_1_214' title='bbox 818 2854 845 2897; x_wconf 86' lang='lat' dir='ltr'>et</span> <span class='ocrx_word' id='word_1_215' title='bbox 885 2847 977 2897; x_wconf 85' lang='lat' dir='ltr'>tesia</span> <span class='ocrx_word' id='word_1_216' title='bbox 998 2845 1143 2910; x_wconf 83' lang='lat' dir='ltr'>promiscuo</span> <span class='ocrx_word' id='word_1_217' title='bbox 1164 2842 1336 2908; x_wconf 63' lang='lat' dir='ltr'>spectabant!</span> <span class='ocrx_word' id='word_1_218' title='bbox 1368 2844 1410 2892; x_wconf 77' lang='lat' dir='ltr'>li·</span> 
     </span>
     <span class='ocr_line' id='line_1_28' title="bbox 318 2918 1411 2983; baseline 0.001 -16"><span class='ocrx_word' id='word_1_219' title='bbox 318 2919 418 2983; x_wconf 88' lang='lat' dir='ltr'>reliqua</span> <span class='ocrx_word' id='word_1_220' title='bbox 429 2932 532 2982; x_wconf 78' lang='lat' dir='ltr'>ponpa.</span> <span class='ocrx_word' id='word_1_221' title='bbox 886 2923 943 2972; x_wconf 85' lang='lat' dir='ltr'>rius</span> <span class='ocrx_word' id='word_1_222' title='bbox 956 2921 1003 2972; x_wconf 89' lang='lat' dir='ltr'>lib.</span> <span class='ocrx_word' id='word_1_223' title='bbox 1013 2936 1051 2971; x_wconf 83' lang='grc' dir='ltr'>ιιι.</span> <span class='ocrx_word' id='word_1_224' title='bbox 1062 2919 1153 2970; x_wconf 84' lang='lat' dir='ltr'>decad.</span> <span class='ocrx_word' id='word_1_225' title='bbox 1162 2934 1202 2969; x_wconf 83' lang='grc' dir='ltr'>ιιι.</span> <span class='ocrx_word' id='word_1_226' title='bbox 1218 2918 1285 2983; x_wconf 90' lang='lat' dir='ltr'>quod</span> <span class='ocrx_word' id='word_1_227' title='bbox 1299 2927 1411 2982; x_wconf 83' lang='lat' dir='ltr'>postmo-</span> 
     </span>
     <span class='ocr_line' id='line_1_29' title="bbox 317 2993 1411 3061; baseline -0.001 -17"><span class='ocrx_word' id='word_1_228' title='bbox 317 3029 320 3038; x_wconf 61' lang='grc'><strong>.</strong></span> <span class='ocrx_word' id='word_1_229' title='bbox 351 2993 482 3044; x_wconf 66' lang='lat' dir='ltr'>turma</span> <span class='ocrx_word' id='word_1_230' title='bbox 497 2993 561 3044; x_wconf 74' lang='lat' dir='ltr'>setta</span> <span class='ocrx_word' id='word_1_231' title='bbox 578 2995 667 3044; x_wconf 70' lang='lat' dir='ltr'>mua</span> <span class='ocrx_word' id='word_1_232' title='bbox 683 2995 845 3061; x_wconf 61' lang='lat' dir='ltr'>maulim]</span> <span class='ocrx_word' id='word_1_233' title='bbox 886 2998 946 3048; x_wconf 83' lang='lat' dir='ltr'>duur</span> <span class='ocrx_word' id='word_1_234' title='bbox 963 2999 1006 3047; x_wconf 87' lang='lat' dir='ltr'>lex</span> <span class='ocrx_word' id='word_1_235' title='bbox 1023 2996 1119 3046; x_wconf 87' lang='lat' dir='ltr'>Roscia</span> <span class='ocrx_word' id='word_1_236' title='bbox 1137 2993 1411 3057; x_wconf 79' lang='lat' dir='ltr'>confirmarit‚dequs</span> 
     </span>
     <span class='ocr_line' id='line_1_30' title="bbox 319 3071 1410 3140; baseline -0.005 -17"><span class='ocrx_word' id='word_1_237' title='bbox 319 3073 396 3123; x_wconf 87' lang='lat' dir='ltr'>Hanc</span> <span class='ocrx_word' id='word_1_238' title='bbox 407 3074 445 3122; x_wconf 90' lang='lat' dir='ltr'>sic</span> <span class='ocrx_word' id='word_1_239' title='bbox 456 3071 581 3124; x_wconf 80' lang='lat' dir='ltr'>describit</span> <span class='ocrx_word' id='word_1_240' title='bbox 591 3073 641 3123; x_wconf 86' lang='lat' dir='ltr'>lroc</span> <span class='ocrx_word' id='word_1_241' title='bbox 650 3073 708 3123; x_wconf 88' lang='lat' dir='ltr'>loeo</span> <span class='ocrx_word' id='word_1_242' title='bbox 716 3073 846 3124; x_wconf 84' lang='lat' dir='ltr'>casaubo-</span> <span class='ocrx_word' id='word_1_243' title='bbox 887 3080 993 3140; x_wconf 62' lang='lat' dir='ltr'>canto.</span> <span class='ocrx_word' id='word_1_244' title='bbox 1005 3074 1050 3124; x_wconf 89' lang='lat' dir='ltr'>sed</span> <span class='ocrx_word' id='word_1_245' title='bbox 1062 3074 1089 3123; x_wconf 94' lang='lat' dir='ltr'>in</span> <span class='ocrx_word' id='word_1_246' title='bbox 1100 3072 1208 3123; x_wconf 79' lang='lat' dir='ltr'>theatris</span> <span class='ocrx_word' id='word_1_247' title='bbox 1218 3077 1333 3121; x_wconf 81' lang='lat' dir='ltr'>tentum:</span> <span class='ocrx_word' id='word_1_248' title='bbox 1352 3084 1410 3119; x_wconf 86' lang='grc' dir='ltr'>ιιιιιι</span> 
     </span>
     <span class='ocr_line' id='line_1_31' title="bbox 318 3146 1411 3215; baseline -0.005 -16"><span class='ocrx_word' id='word_1_249' title='bbox 318 3163 376 3201; x_wconf 83' lang='lat' dir='ltr'>nus.</span> <span class='ocrx_word' id='word_1_250' title='bbox 407 3150 478 3201; x_wconf 83' lang='lat' dir='ltr'>Sella</span> <span class='ocrx_word' id='word_1_251' title='bbox 504 3149 600 3199; x_wconf 87' lang='lat' dir='ltr'>eurulis</span> <span class='ocrx_word' id='word_1_252' title='bbox 627 3157 736 3214; x_wconf 81' lang='lat' dir='ltr'>quatuor</span> <span class='ocrx_word' id='word_1_253' title='bbox 761 3151 848 3215; x_wconf 71' lang='lat' dir='ltr'>lignis,</span> <span class='ocrx_word' id='word_1_254' title='bbox 885 3151 911 3200; x_wconf 91' lang='lat' dir='ltr'>in</span> <span class='ocrx_word' id='word_1_255' title='bbox 922 3150 1007 3212; x_wconf 85' lang='lat' dir='ltr'>Circo,</span> <span class='ocrx_word' id='word_1_256' title='bbox 1017 3157 1044 3199; x_wconf 87' lang='lat' dir='ltr'>et</span> <span class='ocrx_word' id='word_1_257' title='bbox 1055 3146 1246 3212; x_wconf 78' lang='lat' dir='ltr'>amphitheatris</span> <span class='ocrx_word' id='word_1_258' title='bbox 1256 3146 1411 3210; x_wconf 76' lang='lat' dir='ltr'>prasertim,</span> 
     </span>
     <span class='ocr_line' id='line_1_32' title="bbox 318 3219 1413 3291; baseline -0.005 -17"><span class='ocrx_word' id='word_1_259' title='bbox 318 3224 467 3288; x_wconf 80' lang='lat' dir='ltr'>pluribusve</span> <span class='ocrx_word' id='word_1_260' title='bbox 480 3225 625 3286; x_wconf 86' lang='lat' dir='ltr'>constabat,</span> <span class='ocrx_word' id='word_1_261' title='bbox 635 3219 661 3274; x_wconf 91' lang='lat' dir='ltr'>i&#39;n</span> <span class='ocrx_word' id='word_1_262' title='bbox 677 3227 781 3276; x_wconf 87' lang='lat' dir='ltr'>modum</span> <span class='ocrx_word' id='word_1_263' title='bbox 791 3225 846 3276; x_wconf 78' lang='lat' dir='ltr'>lere</span> <span class='ocrx_word' id='word_1_264' title='bbox 885 3241 943 3291; x_wconf 81' lang='lat' dir='ltr'>qua</span> <span class='ocrx_word' id='word_1_265' title='bbox 959 3225 1041 3276; x_wconf 83' lang='lat' dir='ltr'>snrrlto</span> <span class='ocrx_word' id='word_1_266' title='bbox 1057 3222 1209 3282; x_wconf 83' lang='lat' dir='ltr'>recentiora,</span> <span class='ocrx_word' id='word_1_267' title='bbox 1224 3221 1368 3285; x_wconf 82' lang='lat' dir='ltr'>promiscue</span> <span class='ocrx_word' id='word_1_268' title='bbox 1384 3230 1413 3270; x_wconf 83' lang='lat' dir='ltr'>et</span> 
     </span>
     <span class='ocr_line' id='line_1_33' title="bbox 311 3295 1412 3364; baseline -0.003 -16"><span class='ocrx_word' id='word_1_269' title='bbox 311 3298 402 3358; x_wconf 71' lang='lat' dir='ltr'>-llterse</span> <span class='ocrx_word' id='word_1_270' title='bbox 410 3301 436 3348; x_wconf 79' lang='lat' dir='ltr'>S.</span> <span class='ocrx_word' id='word_1_271' title='bbox 447 3299 590 3363; x_wconf 71' lang='lat' dir='ltr'>producte,</span> <span class='ocrx_word' id='word_1_272' title='bbox 599 3305 628 3349; x_wconf 88' lang='lat' dir='ltr'>et</span> <span class='ocrx_word' id='word_1_273' title='bbox 639 3301 722 3350; x_wconf 85' lang='lat' dir='ltr'>miune</span> <span class='ocrx_word' id='word_1_274' title='bbox 733 3311 847 3351; x_wconf 68' lang='lat' dir='ltr'>curvata</span> <span class='ocrx_word' id='word_1_275' title='bbox 886 3300 976 3364; x_wconf 82' lang='lat' dir='ltr'>quovis</span> <span class='ocrx_word' id='word_1_276' title='bbox 986 3300 1043 3348; x_wconf 91' lang='lat' dir='ltr'>loeo</span> <span class='ocrx_word' id='word_1_277' title='bbox 1052 3297 1134 3348; x_wconf 86' lang='lat' dir='ltr'>libere</span> <span class='ocrx_word' id='word_1_278' title='bbox 1148 3295 1311 3360; x_wconf 77' lang='lat' dir='ltr'>spectabant,</span> <span class='ocrx_word' id='word_1_279' title='bbox 1326 3308 1412 3360; x_wconf 85' lang='lat' dir='ltr'>qneru-</span> 
     </span>
     <span class='ocr_line' id='line_1_34' title="bbox 318 3371 1411 3439; baseline 0 -17"><span class='ocrx_word' id='word_1_280' title='bbox 318 3371 353 3422; x_wconf 83' lang='lat' dir='ltr'>sb</span> <span class='ocrx_word' id='word_1_281' title='bbox 369 3379 479 3437; x_wconf 86' lang='lat' dir='ltr'>utreque</span> <span class='ocrx_word' id='word_1_282' title='bbox 494 3379 577 3436; x_wconf 74' lang='lat' dir='ltr'>osne.</span> <span class='ocrx_word' id='word_1_283' title='bbox 609 3373 676 3423; x_wconf 71' lang='lat' dir='ltr'>Herc</span> <span class='ocrx_word' id='word_1_284' title='bbox 692 3373 847 3426; x_wconf 78' lang='lat' dir='ltr'>iuuibnsita</span> <span class='ocrx_word' id='word_1_285' title='bbox 886 3376 1048 3427; x_wconf 88' lang='lat' dir='ltr'>diullbertss</span> <span class='ocrx_word' id='word_1_286' title='bbox 1060 3374 1295 3439; x_wconf 72' lang='lat' dir='ltr'>Roma,ntlnqnit</span> <span class='ocrx_word' id='word_1_287' title='bbox 1311 3375 1411 3436; x_wconf 82' lang='lat' dir='ltr'>Lipsius</span> 
     </span>
     <span class='ocr_line' id='line_1_35' title="bbox 318 3445 1411 3515; baseline 0.002 -19"><span class='ocrx_word' id='word_1_288' title='bbox 318 3451 456 3510; x_wconf 78' lang='lat' dir='ltr'>compacta</span> <span class='ocrx_word' id='word_1_289' title='bbox 472 3452 538 3502; x_wconf 78' lang='lat' dir='ltr'>erat,</span> <span class='ocrx_word' id='word_1_290' title='bbox 557 3452 587 3495; x_wconf 91' lang='lat' dir='ltr'>nt</span> <span class='ocrx_word' id='word_1_291' title='bbox 601 3445 695 3509; x_wconf 81' lang='lat' dir='ltr'>aperiri</span> <span class='ocrx_word' id='word_1_292' title='bbox 709 3448 846 3513; x_wconf 72' lang='lat' dir='ltr'>claudique</span> <span class='ocrx_word' id='word_1_293' title='bbox 885 3453 931 3502; x_wconf 91' lang='lat' dir='ltr'>lib.</span> <span class='ocrx_word' id='word_1_294' title='bbox 942 3452 976 3502; x_wconf 90' lang='lat' dir='ltr'>de</span> <span class='ocrx_word' id='word_1_295' title='bbox 986 3451 1102 3515; x_wconf 82' lang='lat' dir='ltr'>Ampbit.</span> <span class='ocrx_word' id='word_1_296' title='bbox 1113 3464 1137 3501; x_wconf 87' lang='lat' dir='ltr'>e.</span> <span class='ocrx_word' id='word_1_297' title='bbox 1148 3453 1188 3501; x_wconf 83' lang='lat' dir='ltr'>ts.</span> <span class='ocrx_word' id='word_1_298' title='bbox 1200 3459 1228 3500; x_wconf 91' lang='lat' dir='ltr'>et</span> <span class='ocrx_word' id='word_1_299' title='bbox 1240 3449 1372 3500; x_wconf 82' lang='lat' dir='ltr'>Plutarch.</span> <span class='ocrx_word' id='word_1_300' title='bbox 1383 3449 1411 3498; x_wconf 90' lang='lat' dir='ltr'>in</span> 
     </span>
     <span class='ocr_line' id='line_1_36' title="bbox 315 3519 963 3592; baseline 0.012 -23"><span class='ocrx_word' id='word_1_301' title='bbox 315 3527 417 3586; x_wconf 48' lang='lat' dir='ltr'>¹qtossat.</span> <span class='ocrx_word' id='word_1_302' title='bbox 448 3519 482 3569; x_wconf 89' lang='lat' dir='ltr'>In</span> <span class='ocrx_word' id='word_1_303' title='bbox 508 3528 600 3584; x_wconf 78' lang='lat' dir='ltr'>aperta</span> <span class='ocrx_word' id='word_1_304' title='bbox 621 3521 747 3573; x_wconf 86' lang='lat' dir='ltr'>sedebant</span> <span class='ocrx_word' id='word_1_305' title='bbox 767 3537 846 3587; x_wconf 82' lang='lat' dir='ltr'>snper</span> <span class='ocrx_word' id='word_1_306' title='bbox 886 3527 963 3592; x_wconf 71' lang='lat' dir='ltr'>Sylla.</span> 
     </span>
     <span class='ocr_line' id='line_1_37' title="bbox 314 3593 1411 3666; baseline 0.003 -18"><span class='ocrx_word' id='word_1_307' title='bbox 314 3597 408 3648; x_wconf 66' lang='lat' dir='ltr'>‹linteis</span> <span class='ocrx_word' id='word_1_308' title='bbox 425 3595 547 3661; x_wconf 86' lang='lat' dir='ltr'>lorisque.</span> <span class='ocrx_word' id='word_1_309' title='bbox 579 3593 695 3648; x_wconf 85' lang='lat' dir='ltr'>Martial.</span> <span class='ocrx_word' id='word_1_310' title='bbox 713 3597 790 3664; x_wconf 71' lang='lat' dir='ltr'>Epig.</span> <span class='ocrx_word' id='word_1_311' title='bbox 805 3605 846 3648; x_wconf 79' lang='lat' dir='ltr'>ts.</span> <span class='ocrx_word' id='word_1_312' title='bbox 917 3601 929 3635; x_wconf 72' lang='lat'><em>¹</em></span> <span class='ocrx_word' id='word_1_313' title='bbox 953 3599 1073 3664; x_wconf 78' lang='lat' dir='ltr'>Puteolis]</span> <span class='ocrx_word' id='word_1_314' title='bbox 1099 3599 1132 3650; x_wconf 91' lang='lat' dir='ltr'>ln</span> <span class='ocrx_word' id='word_1_315' title='bbox 1158 3600 1309 3666; x_wconf 78' lang='lat' dir='ltr'>Campania,</span> <span class='ocrx_word' id='word_1_316' title='bbox 1336 3601 1411 3651; x_wconf 87' lang='lat' dir='ltr'>bodie</span> 
     </span>
     <span class='ocr_line' id='line_1_38' title="bbox 317 3670 1012 3739; baseline 0.004 -16"><span class='ocrx_word' id='word_1_317' title='bbox 317 3671 365 3724; x_wconf 88' lang='lat' dir='ltr'>lib.</span> <span class='ocrx_word' id='word_1_318' title='bbox 374 3685 406 3722; x_wconf 85' lang='lat' dir='ltr'>rr.</span> <span class='ocrx_word' id='word_1_319' title='bbox 430 3670 604 3736; x_wconf 85' lang='lat' dir='ltr'>‘Recensque</span> <span class='ocrx_word' id='word_1_320' title='bbox 620 3673 684 3722; x_wconf 88' lang='lat' dir='ltr'>sella</span> <span class='ocrx_word' id='word_1_321' title='bbox 700 3673 846 3739; x_wconf 85' lang='lat' dir='ltr'>linteisque,</span> <span class='ocrx_word' id='word_1_322' title='bbox 885 3677 1012 3726; x_wconf 66' lang='lat' dir='ltr'>Pusula.</span> 
     </span>
     <span class='ocr_line' id='line_1_39' title="bbox 319 3745 1414 3817; baseline 0.004 -19"><span class='ocrx_word' id='word_1_323' title='bbox 319 3746 450 3814; x_wconf 65' lang='lat' dir='ltr'>lorisque:</span> <span class='ocrx_word' id='word_1_324' title='bbox 470 3750 519 3798; x_wconf 75' lang='lat' dir='ltr'>tte.</span> <span class='ocrx_word' id='word_1_325' title='bbox 551 3745 704 3810; x_wconf 80' lang='lat' dir='ltr'>llujmrnodl</span> <span class='ocrx_word' id='word_1_326' title='bbox 726 3749 846 3801; x_wconf 83' lang='lat' dir='ltr'>sellarum</span> <span class='ocrx_word' id='word_1_327' title='bbox 919 3751 1201 3802; x_wconf 62' lang='lat' dir='ltr'>wambanem</span> <span class='ocrx_word' id='word_1_328' title='bbox 1212 3753 1282 3817; x_wconf 84' lang='lat' dir='ltr'>orde]</span> <span class='ocrx_word' id='word_1_329' title='bbox 1295 3751 1355 3803; x_wconf 88' lang='lat' dir='ltr'>lloc</span> <span class='ocrx_word' id='word_1_330' title='bbox 1363 3759 1414 3815; x_wconf 88' lang='lat' dir='ltr'>est,</span> 
     </span>
     <span class='ocr_line' id='line_1_40' title="bbox 318 3822 1412 3891; baseline 0.004 -19"><span class='ocrx_word' id='word_1_331' title='bbox 318 3822 419 3874; x_wconf 72' lang='lat' dir='ltr'>fabrica</span> <span class='ocrx_word' id='word_1_332' title='bbox 429 3822 558 3888; x_wconf 83' lang='lat' dir='ltr'>hodieque</span> <span class='ocrx_word' id='word_1_333' title='bbox 568 3823 593 3872; x_wconf 89' lang='lat' dir='ltr'>in</span> <span class='ocrx_word' id='word_1_334' title='bbox 603 3837 651 3873; x_wconf 89' lang='lat' dir='ltr'>nsu</span> <span class='ocrx_word' id='word_1_335' title='bbox 662 3830 711 3874; x_wconf 85' lang='lat' dir='ltr'>est.</span> <span class='ocrx_word' id='word_1_336' title='bbox 744 3825 787 3874; x_wconf 89' lang='lat' dir='ltr'>De</span> <span class='ocrx_word' id='word_1_337' title='bbox 796 3826 846 3876; x_wconf 85' lang='lat' dir='ltr'>Cu·</span> <span class='ocrx_word' id='word_1_338' title='bbox 886 3828 962 3889; x_wconf 83' lang='lat' dir='ltr'>imus,</span> <span class='ocrx_word' id='word_1_339' title='bbox 980 3835 1009 3879; x_wconf 90' lang='lat' dir='ltr'>ut</span> <span class='ocrx_word' id='word_1_340' title='bbox 1026 3841 1060 3877; x_wconf 85' lang='lat' dir='ltr'>cx</span> <span class='ocrx_word' id='word_1_341' title='bbox 1078 3824 1236 3888; x_wconf 79' lang='lat' dir='ltr'>supradietis</span> <span class='ocrx_word' id='word_1_342' title='bbox 1258 3840 1316 3890; x_wconf 81' lang='lat' dir='ltr'>cap.</span> <span class='ocrx_word' id='word_1_343' title='bbox 1335 3842 1412 3891; x_wconf 77' lang='lat' dir='ltr'>snpe-</span> 
     </span>
     <span class='ocr_line' id='line_1_41' title="bbox 320 3900 1411 3964; baseline 0.004 -15"><span class='ocrx_word' id='word_1_344' title='bbox 320 3900 589 3964; x_wconf 62' lang='lat' dir='ltr'>mitrettsjsmcm.</span> <span class='ocrx_word' id='word_1_345' title='bbox 885 3905 953 3954; x_wconf 87' lang='lat' dir='ltr'>riore</span> <span class='ocrx_word' id='word_1_346' title='bbox 970 3914 998 3954; x_wconf 89' lang='lat' dir='ltr'>et</span> <span class='ocrx_word' id='word_1_347' title='bbox 1014 3903 1039 3952; x_wconf 91' lang='lat' dir='ltr'>in</span> <span class='ocrx_word' id='word_1_348' title='bbox 1056 3901 1128 3954; x_wconf 83' lang='lat' dir='ltr'>lulio</span> <span class='ocrx_word' id='word_1_349' title='bbox 1142 3903 1312 3964; x_wconf 74' lang='lat' dir='ltr'>e.ts.pstet.</span> <span class='ocrx_word' id='word_1_350' title='bbox 1345 3901 1411 3953; x_wconf 81' lang='lat' dir='ltr'>llaec</span> 
     </span>
     <span class='ocr_line' id='line_1_42' title="bbox 353 3974 1411 4042; baseline -0.007 -6"><span class='ocrx_word' id='word_1_351' title='bbox 353 3974 580 4038; x_wconf 49' lang='lat' dir='ltr'>&#39;cml</span> <span class='ocrx_word' id='word_1_352' title='bbox 608 3976 696 4040; x_wconf 66' lang='lat' dir='ltr'>Ieme</span> <span class='ocrx_word' id='word_1_353' title='bbox 722 3984 791 4033; x_wconf 73' lang='lat'><strong>⁸⁰¹0·</strong></span> <span class='ocrx_word' id='word_1_354' title='bbox 812 3978 845 4030; x_wconf 88' lang='grc' dir='ltr'>Ρ.</span> <span class='ocrx_word' id='word_1_355' title='bbox 885 3982 1005 4032; x_wconf 83' lang='lat' dir='ltr'>subsellia</span> <span class='ocrx_word' id='word_1_356' title='bbox 1017 3980 1085 4029; x_wconf 87' lang='lat' dir='ltr'>inter</span> <span class='ocrx_word' id='word_1_357' title='bbox 1096 3984 1124 4027; x_wconf 91' lang='lat' dir='ltr'>et</span> <span class='ocrx_word' id='word_1_358' title='bbox 1135 3977 1240 4041; x_wconf 80' lang='lat' dir='ltr'>podium</span> <span class='ocrx_word' id='word_1_359' title='bbox 1251 3979 1329 4042; x_wconf 79' lang='lat' dir='ltr'>spatii</span> <span class='ocrx_word' id='word_1_360' title='bbox 1341 3979 1411 4029; x_wconf 82' lang='lat' dir='ltr'>vide·</span> 
     </span>
     <span class='ocr_line' id='line_1_43' title="bbox 320 4049 1412 4120; baseline 0.002 -20"><span class='ocrx_word' id='word_1_361' title='bbox 320 4049 442 4100; x_wconf 81' lang='lat' dir='ltr'>Cornelio</span> <span class='ocrx_word' id='word_1_362' title='bbox 461 4051 581 4115; x_wconf 82' lang='lat' dir='ltr'>Sclplone</span> <span class='ocrx_word' id='word_1_363' title='bbox 600 4059 628 4102; x_wconf 87' lang='lat' dir='ltr'>et</span> <span class='ocrx_word' id='word_1_364' title='bbox 646 4053 678 4102; x_wconf 83' lang='grc' dir='ltr'>Τ.</span> <span class='ocrx_word' id='word_1_365' title='bbox 695 4051 846 4117; x_wconf 78' lang='lat' dir='ltr'>Sempronio</span> <span class='ocrx_word' id='word_1_366' title='bbox 886 4063 928 4106; x_wconf 91' lang='lat' dir='ltr'>tur</span> <span class='ocrx_word' id='word_1_367' title='bbox 950 4053 1047 4120; x_wconf 86' lang='lat' dir='ltr'>aliquid</span> <span class='ocrx_word' id='word_1_368' title='bbox 1069 4051 1147 4102; x_wconf 81' lang='lat' dir='ltr'>luisse</span> <span class='ocrx_word' id='word_1_369' title='bbox 1173 4052 1313 4118; x_wconf 81' lang='lat' dir='ltr'>amplioris,</span> <span class='ocrx_word' id='word_1_370' title='bbox 1335 4067 1412 4118; x_wconf 87' lang='lat' dir='ltr'>quarn</span> 
     </span>
     <span class='ocr_line' id='line_1_44' title="bbox 321 4124 1412 4196; baseline 0.003 -21"><span class='ocrx_word' id='word_1_371' title='bbox 321 4125 410 4188; x_wconf 68' lang='lat' dir='ltr'>longo</span> <span class='ocrx_word' id='word_1_372' title='bbox 421 4125 493 4176; x_wconf 82' lang='lat' dir='ltr'>coss.</span> <span class='ocrx_word' id='word_1_373' title='bbox 504 4126 548 4190; x_wconf 87' lang='lat' dir='ltr'>qul</span> <span class='ocrx_word' id='word_1_374' title='bbox 558 4124 609 4175; x_wconf 84' lang='lat' dir='ltr'>fuit</span> <span class='ocrx_word' id='word_1_375' title='bbox 618 4126 691 4176; x_wconf 84' lang='lat' dir='ltr'>urbis</span> <span class='ocrx_word' id='word_1_376' title='bbox 701 4141 782 4176; x_wconf 85' lang='lat' dir='ltr'>annas</span> <span class='ocrx_word' id='word_1_377' title='bbox 795 4129 845 4176; x_wconf 86' lang='lat' dir='ltr'>cir·</span> <span class='ocrx_word' id='word_1_378' title='bbox 886 4131 1009 4194; x_wconf 54' lang='lat' dir='ltr'>aeduam</span> <span class='ocrx_word' id='word_1_379' title='bbox 1031 4134 1099 4179; x_wconf 82' lang='lat' dir='ltr'>essct</span> <span class='ocrx_word' id='word_1_380' title='bbox 1125 4127 1193 4177; x_wconf 87' lang='lat' dir='ltr'>luter</span> <span class='ocrx_word' id='word_1_381' title='bbox 1215 4141 1253 4190; x_wconf 90' lang='lat' dir='ltr'>se,</span> <span class='ocrx_word' id='word_1_382' title='bbox 1274 4135 1329 4179; x_wconf 88' lang='lat' dir='ltr'>tum</span> <span class='ocrx_word' id='word_1_383' title='bbox 1352 4129 1412 4196; x_wconf 87' lang='lat' dir='ltr'>quia</span> 
     </span>
     <span class='ocr_line' id='line_1_45' title="bbox 319 4202 1411 4272; baseline 0.002 -18"><span class='ocrx_word' id='word_1_384' title='bbox 319 4203 590 4255; x_wconf 71' lang='lat' dir='ltr'>eiectamenta</span> <span class='ocrx_word' id='word_1_385' title='bbox 605 4202 687 4254; x_wconf 78' lang='lat' dir='ltr'>lllllm</span> <span class='ocrx_word' id='word_1_386' title='bbox 703 4203 803 4261; x_wconf 72' lang='lat' dir='ltr'>Paetus,</span> <span class='ocrx_word' id='word_1_387' title='bbox 818 4211 847 4256; x_wconf 87' lang='lat' dir='ltr'>et</span> <span class='ocrx_word' id='word_1_388' title='bbox 886 4205 1030 4272; x_wconf 80' lang='lat' dir='ltr'>principum</span> <span class='ocrx_word' id='word_1_389' title='bbox 1057 4209 1086 4255; x_wconf 87' lang='lat' dir='ltr'>et</span> <span class='ocrx_word' id='word_1_390' title='bbox 1112 4203 1310 4267; x_wconf 75' lang='lat' dir='ltr'>magistratuum</span> <span class='ocrx_word' id='word_1_391' title='bbox 1339 4207 1411 4256; x_wconf 83' lang='lat' dir='ltr'>locus</span> 
     </span>
    </p>
   </div>
   <div class='ocr_carea' id='block_1_7' title="bbox 0 0 1620 4926">
    <p class='ocr_par' dir='ltr' id='par_1_7' title="bbox 0 0 1620 4926">
     <span class='ocr_line' id='line_1_46' title="bbox 0 0 1620 4926; baseline 0 0"><span class='ocrx_word' id='word_1_392' title='bbox 0 0 1620 4926; x_wconf 95' lang='lat' dir='ltr'> </span> 
     </span>
    </p>
   </div>
  </div>
 </body>
</html>
