3160 4918
319 433 384 496 164
749 444 781 491 o.
806 441 985 492 sunroutr

320 589 390 654 labi
405 583 593 668 fastigiumh
616 585 744 662 domus,
768 588 986 666 maritumque
998 583 1032 646 in
1047 583 1172 666 gremio
1188 602 1248 648 sno
1264 583 1417 649 confudi:

321 709 361 754 uo
377 690 491 752 subito
506 687 653 752 cubiculi
668 688 753 752 foros
770 695 891 770 sponte
908 693 1096 769 potuerunt.
1134 685 1189 749 Ob
1202 693 1218 733 ⁴
1231 685 1305 750 baec
1321 686 1418 750 simul

322 798 355 858 et
370 793 414 854 ob
429 789 590 854 infirmam
600 791 822 854 valetudinem
838 789 896 854 diu
911 794 1099 864 cunctatus,
1115 807 1158 850 en
1173 807 1209 851 se
1224 789 1419 864 contineret,

321 903 364 968 et,
380 913 457 976 quoe
470 895 560 977 epud
574 895 733 959 Senatum
747 899 965 977 proposuerat
980 909 1087 972 ogere,
1103 889 1264 968 differret3
1287 889 1419 953 taudem

327 997 465 1061 Decimo
482 997 587 1060 Bruto
614 992 831 1070 odbortunto,i
858 1013 899 1056 ne
923 993 1112 1074 frequentes
1136 1011 1176 1054 uc
1193 991 1266 1073 jem
1291 990 1420 1054 dudunt

323 1094 585 1180 opperientesss
618 1097 821 1172 destitueret,
853 1097 969 1177 quinte
996 1094 1064 1156 fero
1093 1088 1192 1155 bora¹
1221 1110 1419 1173 progressus

322 1208 392 1262 est:
415 1199 627 1280 libellumque
647 1197 839 1261 insidiarum
856 1196 1014 1270 indicem,
1038 1195 1081 1257 ab
1096 1192 1252 1258 obvio⁶¹¹¹
1274 1193 1419 1276 quodem

322 1307 519 1382 porrectum,
547 1299 692 1363 libellis'¹
715 1299 844 1373 ceteris,
876 1315 962 1378 quos
988 1297 1121 1359 sinistre
1148 1314 1249 1360 menn
1275 1297 1421 1373 tenebat,

323 1599 365 1640 tur
377 1592 402 1640 iu
415 1591 490 1641 lieri.
503 1593 570 1642 Edd.
581 1594 648 1642 Veu.
667 1601 699 1642 tr.
717 1593 790 1642 Med.
807 1591 881 1641 Cald.
893 1592 959 1640 Bou.
971 1598 998 1640 et
1012 1588 1095 1638 Poris.
1106 1588 1208 1650 aliosque
1219 1603 1241 1636 e.
1250 1589 1277 1636 J.
1288 1589 1314 1638 d.
1326 1589 1421 1649 eonju-

320 1671 378 1718 gere
390 1657 582 1705 Perindeetrar
600 1657 701 1720 Grypb.
718 1657 779 1704 Bne.
800 1658 883 1705 l'luut.
905 1657 966 1704 Jove
981 1653 1028 1704 etit
1042 1655 1150 1702 dextrum
1169 1653 1250 1714 Lugd.
1269 1651 1332 1714 Arg.
1347 1654 1424 1703 dunt.

322 1721 385 1770 elom
394 1735 447 1768 rum
457 1721 517 1769 Jooe
529 1721 611 1770 ered.
624 1725 647 1768 1.
663 1722 724 1769 olim
741 1721 914 1782 objiciendum
933 1727 1008 1780 putet
1022 1719 1111 1768 Burni.
1127 1717 1221 1766 deinde
1233 1717 1300 1779 conj.
1313 1718 1423 1780 eumue

321 1784 412 1832 eumd.
424 1783 469 1831 sed
487 1784 588 1833 deinum
608 1785 633 1832 in
651 1785 714 1834 lect.
731 1787 800 1846 vulg.
817 1785 1014 1846 acquiescit—8
1036 1781 1182 1843 Guipbtrrreio
1193 1781 1227 1828 de
1243 1795 1312 1828 neore
1325 1781 1423 1844 copes.

224 1869 229 1877 ·
323 1847 410 1897 Perre.
422 1846 521 1896 Medic.
535 1847 613 1898 vind.
623 1855 651 1897 et
663 1849 730 1898 Edd·
742 1849 898 1911 eliqnot.-d
910 1849 943 1896 Et
954 1848 1004 1896 ltere
1016 1847 1094 1896 Faue.
1133 1848 1215 1894 Deest
1226 1845 1253 1892 ob
1266 1843 1332 1893 Edd.
1347 1845 1423 1894 Rom.

323 1920 350 1961 et
363 1913 388 1960 iu
399 1912 493 1975 Coper.
503 1913 548 1971 iqs.
560 1912 645 1961 ob.—6
666 1914 816 1975 Opperientis
827 1914 931 1961 Merum.
943 1913 986 1975 qui
1004 1911 1081 1960 etiem
1097 1910 1212 1972 equitio.
1245 1910 1310 1958 Tum
1322 1909 1373 1958 ind.
1385 1911 1424 1958 is·

321 1976 367 2024 rid.
380 1977 450 2026 Cort·
461 1984 488 2025 et
499 1977 597 2027 Medic.
614 1976 676 2040 duo,
687 1977 792 2036 judicem
811 1978 939 2026 Forte-6
957 1977 1063 2024 Menum.
1082 1975 1112 2022 ab
1129 1975 1189 2034 onio,
1202 1979 1230 2022 ut
1250 1987 1328 2034 supro
1340 1989 1364 2020 c.
1379 1977 1423 2022 6³.

323 2040 392 2088 unde
403 2041 473 2104 conj.
482 2041 555 2089 Torr.
567 2041 662 2090 Ouinio.
686 2042 749 2090 Mox
761 2042 840 2090 Foue.
851 2041 976 2102 commisit,
985 2046 1012 2089 et
1022 2040 1106 2088 deinde
1116 2038 1203 2088 Perin.
1218 2037 1333 2087 Heriem.
1342 2037 1423 2087 Vind.

817 2217 923 2267 NOTAE

324 2348 370 2396 pro
379 2334 526 2382 somniasse·
543 2332 758 2382 UtetPliniusin
770 2333 852 2394 Epist.
894 2345 945 2394 que
967 2338 1042 2379 extre
1064 2329 1164 2379 ltaliam
1189 2335 1301 2393 gestare,
1324 2327 1424 2378 Cereri

325 2411 504 2472 ‘imaginetur
527 2409 629 2458 venisse
653 2408 800 2469 Nerouenr,’
820 2407 853 2456 de
893 2407 993 2457 liceret.

324 2484 423 2532 somnio
437 2483 536 2530 Fennii·
926 2481 932 2515 ¹
950 2483 1098 2541 &elusere
1108 2480 1178 2543 bora]
1195 2481 1307 2531 circiter
1318 2480 1424 2530 ondrei-

355 2555 367 2589 '²
385 2556 476 2606 Coiiebi
483 2555 627 2618 fastigium]
643 2555 799 2619 Simpliciter
811 2556 852 2605 ltie
893 2573 959 2608 mnus
972 2559 1023 2607 ritu
1035 2566 1139 2618 nostr03
1157 2557 1224 2605 diem
1236 2557 1304 2604 enirn
1319 2557 1346 2604 in
1359 2556 1425 2606 duo-

324 2631 503 2695 eeeipiendum
523 2643 574 2678 non
593 2637 633 2678 est
652 2645 698 2692 pro
709 2645 805 2679 summe
818 2645 853 2680 ae·
894 2634 977 2683 decim
988 2634 1117 2683 duntaxat
1129 2632 1203 2681 borne
1214 2632 1378 2693 dividebant,
1394 2638 1425 2681 ut

323 2709 394 2757 diuus
412 2715 497 2770 perte,
513 2705 557 2754 sed
578 2718 624 2768 pro
642 2713 792 2754 ortrsnreuto
809 2708 853 2753 uli·
894 2711 957 2759 eatis
970 2717 1057 2758 notum
1071 2715 1121 2757 ert.

324 2796 384 2844 quo,
403 2781 470 2843 quod
490 2779 576 2828 domui
595 2780 704 2838 Cereris
732 2781 852 2830 Senutuu·
925 2793 943 2818 fl
962 2783 1051 2846 Obnio]
1067 2783 1217 2832 Torrentius
1229 2783 1254 2831 in
1267 2784 1364 2844 optimo
1377 2782 1424 2832 tib.

324 2857 442 2905 consulto
464 2855 683 2919 edmujenutem
707 2855 853 2916 impositum
893 2861 955 2924 legit
980 2861 1048 2920 Ovio,
1069 2859 1138 2908 unde
1157 2860 1303 2922 suspicetur
1325 2859 1424 2920 Ouinio,

323 2929 383 2990 luit,
399 2943 449 2993 quo
464 2928 540 2976 etism
554 2929 707 2991 templorum
721 2939 791 2979 tectu
803 2931 853 2978 die·
893 2936 961 3000 qnod
978 2937 1119 2984 Romanum
1131 2949 1222 2983 nomen
1234 2942 1284 2984 est.
1318 2935 1425 2984 Plutus-

324 3004 511 3068 tinguebantur
528 3017 543 3051 ι
560 3004 674 3065 cererin
691 3019 739 3054 nee
750 3007 853 3066 nurum,
893 3011 954 3060 ebus
967 3012 991 3060 in
1003 3009 1237 3060 ceseretredirum
1253 3012 1289 3060 eit
1308 3011 1424 3060 libellum

324 3083 362 3131 illi
372 3083 497 3146 siquidem
507 3095 574 3137 utne,
585 3082 691 3144 temple,
699 3082 853 3144 pulvinario,
893 3086 960 3135 bunc
972 3086 1005 3135 ub
1015 3085 1189 3146 Artemidoro,
1200 3087 1304 3135 natione
1315 3085 1426 3148 Ouidio,

324 3163 372 3208 dre.
384 3167 505 3222 tanquam
518 3159 577 3208 Deo
589 3149 765 3206 decreverunt.
793 3160 853 3208 Plo·
893 3160 1424 3226 qui‚curnCaeeurnlioslibellostninistris

326 3237 429 3288 turchus
446 3237 473 3285 lu
492 3237 598 3287 Cerere
615 3234 756 3298 ἀκρωτήριον
770 3244 853 3300 vocnt,
892 3240 946 3286 suis
959 3237 1044 3285 stetim
1058 3236 1185 3292 enecone.
1202 3235 1368 3286 veliementer
1379 3251 1425 3298 pe-

325 3311 435 3360 Lntinus
459 3313 586 3374 interpret
607 3311 775 3361 Pinsaculum.
819 3313 853 3362 Et
893 3313 1019 3372 tituenus
1033 3311 1425 3376 etertmtegeeeemegnequtp-

325 3386 416 3434 Florus
434 3386 478 3434 lib·
494 3401 531 3435 ιν.
548 3401 605 3448 erp.
617 3391 641 3436 2.
659 3386 789 3448 festigium
808 3387 853 3436 do·
892 3399 925 3450 pe
937 3387 1126 3450 contineri‚sed
1140 3403 1193 3450 prae
1203 3388 1365 3437 niminturbn
1377 3389 1425 3437 ine·

325 3473 381 3506 mus
393 3461 461 3508 inter
472 3460 581 3507 bonores
592 3459 689 3508 Caeenri
701 3461 801 3509 deletos
813 3475 852 3509 re·
892 3462 1019 3524 pediturn,
1036 3477 1065 3512 ne
1083 3461 1177 3512 trustra
1189 3472 1333 3524 conantem,
1345 3477 1424 3512 manu

326 3542 424 3582 censet.
892 3538 1003 3600 denique
1016 3553 1132 3588 servasse
1145 3553 1195 3588 non
1207 3539 1310 3588 lectum.
1341 3538 1422 3588 Qnod

357 3607 364 3640 ¹
380 3609 458 3656 Bruto
468 3607 619 3670 adhortante]
642 3609 796 3658 Pluurcbus
808 3611 850 3674 qni
892 3619 979 3660 tumeo
999 3613 1082 3676 ipsum
1103 3614 1180 3662 aliter
1198 3614 1230 3663 sb
1249 3611 1424 3674 attererent,

325 3684 381 3733 lraee
394 3684 507 3746 pluribus
520 3693 851 3748 nurrut‚nrreptumnrnnu,
892 3687 1024 3750 subjungit
1041 3687 1225 3738 idemnuctor.
1257 3688 1422 3751 similequtet

326 3767 352 3808 et
362 3759 501 3809 deductum
514 3759 560 3821 nit,
572 3760 666 3823 injecto
676 3769 755 3822 metu,
764 3775 795 3810 ne
805 3760 853 3810 boc
894 3762 926 3810 de
938 3762 1034 3811 Arellio
1054 3763 1234 3812 Tbebrnorum
1254 3771 1364 3827 tyrsnno
1382 3775 1422 3811 re·

326 3844 352 3884 et
361 3837 428 3884 inter
438 3835 648 3884 ceteruconeiein
656 3836 853 3885 calumniatores
893 3836 945 3886 fert
957 3839 983 3887 in
996 3839 1131 3903 Pelopidae
1144 3840 1196 3890 vitu
1207 3841 1377 3890 Plutnreltus:
1395 3845 1423 3888 et

326 3911 479 3974 objicerent,
487 3912 625 3960 Senatores
633 3912 732 3961 scilicet
742 3913 804 3961 nlius
813 3926 852 3962 re·
894 3915 926 3963 de
938 3915 1085 3978 Nicephoro
1097 3915 1239 3965 cedrenus.

326 3986 433 4048 diurnos,
445 4003 503 4037 curu
513 3988 618 4036 meliora
625 3987 732 4037 fuissent
744 3987 853 4052 Calpur·
926 3999 938 4024 ¹¹
953 3993 1061 4056 Libeilis]
1079 3992 1192 4042 Libellos
1203 3993 1333 4056 supplicet
1344 3991 1422 4042 intel·

326 4063 375 4110 niae
388 4066 554 4123 sorurriu‚&c.
894 4068 955 4129 lige,
981 4069 1072 4132 quibus
1097 4069 1229 4131 principes
1251 4067 1324 4116 edire
1346 4067 1423 4116 moris

359 4135 370 4168 ¹¹
383 4138 546 4200 opperientes]
563 4138 604 4186 Ad
617 4137 761 4188 iaciendum
771 4141 853 4188 solen·
893 4151 959 4203 erut,
977 4142 1009 4191 nd
1021 4156 1084 4205 quos
1097 4144 1237 4192 rescribere
1253 4150 1281 4193 et
1293 4143 1423 4208 principes

327 4225 358 4260 ne
377 4212 448 4271 iliud,
467 4221 495 4260 ut
511 4213 644 4277 inquiebat
658 4215 763 4276 Brutus,
774 4215 854 4264 Senu-
894 4219 1019 4268 solebant.
1039 4218 1105 4267 Vide
1118 4227 1145 4268 et
1158 4233 1215 4282 cop.
1226 4223 1265 4268 6³.
1274 4219 1299 4267 in
1309 4220 1376 4281 Aug.
1389 4221 1423 4268 de

328 4289 522 4343 iureconsultum,
538 4303 589 4352 quo
608 4289 724 4340 diadema
741 4291 854 4341 ubicum-
895 4294 1057 4343 Domitirno:
1070 4290 1108 4344 sie
1121 4295 1235 4345 Muttini.
1246 4298 1263 4345 1.
1272 4307 1335 4344 vrtr.
1346 4295 1423 4358 Epig.
