3120 4926
278 383 300 470 'g
622 365 1034 446 aruncnr'rrsu-cnuru

279 541 420 629 parandi
436 538 679 622 supplendique
690 537 823 621 copiam
836 535 1006 600 haberent.
1051 534 1152 612 Quod
1164 534 1252 600 enim
1269 534 1376 610 multi,

279 647 379 709 nimis
394 644 442 708 ita
462 639 617 723 impediri
639 639 843 722 detinerique
864 638 1052 712 lectionem,
1070 637 1197 713 dicent,
1213 637 1255 700 de
1274 657 1315 700 eo
1331 637 1379 698 ita

282 745 410 811 sentio:
432 743 508 807 'esse
523 740 657 824 quidem
674 741 852 822 plerosque
877 739 1066 822 scriptores,
1081 739 1229 802 maxime
1244 738 1379 802 histori-

282 867 356 922 cos,
371 844 512 908 celerius
522 840 768 924 percurrendos,
783 859 825 902 ue
838 839 890 902 vel
905 857 1012 902 rerum
1024 839 1105 902 ordo
1115 839 1217 902 nimia
1227 838 1380 902 tarditate

283 945 443 1012 memoria
461 943 638 1026 legentium
664 939 813 1016 excidat,
828 939 884 1002 vel
908 937 1075 1021 depereat,
1102 940 1162 1002 ubi
1185 941 1220 1003 iu
1239 939 1380 1020 singulis

284 1048 467 1121 subsistas,
482 1061 600 1124 magna
621 1060 699 1125 pars
720 1042 816 1116 artis,
831 1058 908 1121 quae
927 1045 979 1103 est
998 1040 1034 1101 in
1056 1040 1249 1103 continuata
1270 1057 1381 1104 rerum

285 1143 513 1223 enarratione3
534 1146 568 1209 in
590 1143 666 1206 aliis
688 1148 801 1206 autem
824 1139 949 1204 diutius
971 1140 1180 1216 morandum,
1196 1141 1254 1223 qui
1268 1141 1382 1222 singu·

284 1250 345 1314 lari
371 1244 538 1311 scribendi
563 1243 706 1320 ratione,
731 1242 915 1324 argumenti
928 1243 1099 1318 varietate,
1114 1242 1280 1324 ipsisque,
1304 1261 1381 1324 quae

285 1344 616 1431 adrequiesceudum
640 1345 739 1428 quasi
763 1344 919 1420 fixerunt,
932 1343 1115 1408 intervallis
1140 1345 1310 1427 amplioris
1331 1345 1383 1408 in·

285 1447 537 1532 terpretntionis
561 1453 597 1511 et
619 1446 835 1512 occasionem
855 1444 1026 1521 dederunt,
1053 1448 1087 1506 et
1114 1443 1293 1532 effecerunt
1317 1447 1383 1510 t'ere

285 1551 529 1616 necessitatem.
561 1547 671 1631 Atque
686 1549 772 1612 tales
784 1547 932 1630 proiecto
947 1551 1024 1609 sunt
1035 1547 1175 1610 vitarum
1189 1546 1384 1630 scriptores,

274 1653 386 1734 ⁴inque
399 1651 516 1735 primis
531 1647 724 1725 Suetonius,
738 1649 797 1732 qui
814 1666 868 1711 res
882 1654 995 1729 gestas
1010 1645 1197 1726 Caesarum,
1214 1653 1252 1711 ut
1264 1648 1384 1731 pleris-

287 1771 352 1834 que
366 1752 449 1820 satis
472 1757 583 1826 notas,
597 1750 798 1813 brevissima
821 1749 1009 1812 uenatione
1031 1767 1234 1813 memorasse
1247 1756 1385 1813 conten·

288 1861 354 1929 tus,
378 1859 530 1917 versatur
551 1850 697 1914 maxime
722 1849 757 1912 in
777 1847 1003 1912 descrihendis
1025 1850 1177 1913 moribus
1201 1849 1333 1912 illorum
1353 1855 1387 1913 et

288 1961 477 2036 temporum
491 1959 525 2016 et
538 1951 721 2027 hominum,
735 1950 772 2012 in
785 1946 994 2013 recensendis
1013 1951 1147 2032 publice
1167 1951 1387 2033 privatimque

288 2055 376 2119 actis
399 2064 502 2138 atque
524 2051 697 2127 institutis,
712 2050 748 2113 in
770 2050 882 2114 multis
905 2050 1046 2132 denique
1067 2051 1199 2134 longius
1213 2071 1385 2134 exponen-

289 2157 354 2232 dis,
368 2159 444 2239 qnae
467 2174 547 2220 vera
560 2152 698 2218 historia
719 2162 757 2217 ut
780 2153 871 2217 levia
893 2171 1023 2235 suaque
1050 2153 1210 2234 dignitate
1230 2153 1386 2218 inferiora

287 2258 534 2341 praetermittere
559 2255 654 2319 solet.
699 2253 754 2318 Ibi
778 2253 879 2334 igitur
905 2254 1008 2317 multa
1033 2253 1222 2336 supplenda
1242 2273 1286 2318 ex
1309 2255 1386 2318 aliis

289 2358 520 2439 scriptoribus,
534 2357 652 2433 multa,
667 2372 745 2438 quae
771 2353 816 2416 ad
841 2353 943 2434 leges,
959 2372 1080 2430 mores,
1094 2354 1263 2432 instituta,
1279 2362 1387 2421 totum

290 2458 370 2522 vitm
384 2475 485 2539 genus
506 2455 598 2519 illius
621 2454 686 2518 aevi
711 2455 890 2536 pertinent,
905 2453 1043 2516 uberius
1058 2453 1285 2537 explananda,
1301 2455 1388 2538 prer-

290 2559 405 2622 sertim
419 2577 507 2633 curn,
520 2573 685 2639 oppressa
704 2555 873 2632 libertate,
888 2571 1009 2620 novam
1030 2556 1168 2620 fonnem
1192 2557 1388 2639 respublica

290 2676 357 2721 non
381 2659 498 2737 magis,
526 2674 627 2740 quam
652 2655 722 2720 vita
746 2661 780 2720 et
805 2654 921 2736 lingua
948 2645 1186 2734 Romanorum,
1211 2657 1388 2724 induisset.

290 2757 492 2841 Praecipuus
511 2763 624 2821 autern
638 2757 674 2819 iu
687 2775 729 2820 ea
748 2773 783 2820 re
805 2775 887 2820 usus
905 2761 957 2820 est
980 2754 1187 2836 Grrerorum,
1203 2777 1298 2841 quos,
1312 2779 1389 2823 con·

292 2864 370 2937 stat,
386 2877 457 2922 strae
477 2857 566 2938 genti
593 2857 785 2921 accuratius
808 2875 989 2939 exponere,
1006 2876 1087 2939 qure
1114 2857 1257 2922 Romam
1281 2860 1388 2925 levius

225 2981 227 2985 ·
292 2963 440 3041 tangunt,
454 2955 578 3022 addere
601 2958 703 3022 etiam
725 2957 831 3023 multa
844 2977 889 3022 ex
913 2959 1028 3024 seriori
1043 2960 1294 3041 compilatione,
1310 2965 1388 3043 quae

292 3060 384 3144 prior
398 3065 482 3132 aetas
497 3061 550 3124 rel
566 3060 785 3142 ignoraverat,
799 3059 856 3122 rel
866 3057 983 3123 andus
994 3078 1059 3122 uon
1068 3060 1282 3137 sustinuerat,
1298 3067 1389 3143 saepe

292 3159 395 3225 etiam
408 3179 450 3224 ea
463 3161 605 3240 veritate
620 3161 668 3224 nti
687 3168 723 3224 et
741 3159 905 3237 libertate,
920 3178 1021 3242 quam
1044 3166 1142 3225 sueta
1156 3162 1303 3226 servitus
1319 3180 1388 3226 me-

293 3270 430 3344 tusque,
452 3261 505 3324 vel
531 3261 676 3326 studium
699 3263 845 3343 partium
868 3269 904 3325 et
926 3261 1073 3343 propriae
1097 3261 1205 3343 gentis
1233 3261 1390 3326 adhibere

291 3367 468 3425 vetuerant
489 3361 675 3428 Romanoa·
721 3362 854 3428 Horum
875 3364 989 3446 itaque
1011 3363 1159 3444 scriptis,
1182 3363 1389 3448 ubicumque

181 3453 185 3460 ’
292 3461 448 3546 idoneum
462 3460 569 3538 inerit,
585 3463 734 3528 studiose
749 3465 888 3541 collatis,
904 3474 939 3528 et
958 3463 1109 3544 longiore
1122 3463 1390 3547 interpretatione

292 3561 489 3645 plerumque
504 3561 718 3645 supersedere
739 3582 930 3645 possumus,
947 3582 968 3628 a
989 3561 1112 3628 Graeco
1131 3564 1276 3641 homine,
1291 3584 1389 3648 quem

292 3671 371 3729 aute
385 3663 503 3728 oculos
516 3663 691 3741 habemus,
704 3665 776 3748 jam
790 3665 949 3741 exhibita,
964 3663 1148 3747 eodemque
1162 3649 1309 3747 tempore
1324 3684 1390 3730 uon

292 3763 433 3830 historia
453 3763 566 3842 modo,
581 3765 741 3830 institutis
763 3765 976 3846 moribusque
997 3764 1147 3846 antiquis
1168 3765 1312 3849 juvenes
1329 3785 1390 3850 op·

293 3865 373 3929 time
387 3865 585 3942 imbuemus,
601 3864 661 3928 sed
675 3865 852 3948 utriusque
867 3866 969 3930 etiam
991 3864 1116 3948 liuguae
1130 3865 1285 3943 scientia,
1300 3865 1390 3945 dum,

294 3963 385 4047 quod
410 3965 529 4030 Latine
549 3968 655 4047 legere
680 3973 713 4031 et
734 3966 850 4031 efferre
877 3966 1075 4045 didicerant,
1104 3965 1226 4032 Groecc
1253 3985 1389 4051 quoque

291 4065 408 4131 habitu
422 4073 639 4148 cognoscent;
662 4068 757 4150 quid,
770 4068 861 4152 quod
873 4067 916 4132 ad
932 4067 1067 4133 avidius
1076 4065 1389 4152 expetendos,quos

293 4168 393 4223 umet
408 4175 543 4240 gustare
558 4175 743 4246 coeperunt,
758 4168 867 4236 sontes
882 4167 1128 4248 excitabimus3
1149 4167 1275 4250 quibus
1289 4168 1388 4236 rebus
