3216 4918
665 418 854 468 creamus.
890 489 893 502 Ι
1239 410 1304 474 453

213 562 397 644 increpans,
411 567 448 626 ut
461 561 607 642 ignaros,
614 567 742 643 quauta
754 561 867 628 bellua
879 558 888 597 ¹
904 569 993 628 essct
1002 564 1195 646 imperium3
1218 587 1303 632 nunc

212 669 408 746 precantem
429 663 601 738 Senatum,
621 667 656 724 et
669 663 939 742 procumbentem
955 664 1020 728 sibi
1036 666 1077 728 ad
1098 685 1217 746 genua,
1233 685 1303 730 am·

211 763 325 844 biguis
340 763 506 846 responsis
518 767 550 825 et
561 762 684 828 callida
696 765 908 828 cunctatione
924 767 1134 847 suspendens
1145 762 1168 831 :¹¹
1181 773 1216 832 ut
1230 769 1303 849 qui-

213 864 290 928 dam
306 865 502 947 patientiam
514 871 744 946 rumperent,¹⁰
758 871 860 948 atque
870 885 954 930 uuus
969 866 1002 930 in
1018 868 1155 932 tumultu
1171 869 1303 950 procla-

213 973 329 1040 maret,
348 962 438 1030 ‘Aut
453 961 548 1046 agat,¹
576 971 634 1028 aut
657 965 799 1030 desistat
811 963 831 1026 ε’
854 965 938 1030 alter
951 984 1061 1030 coram
1076 969 1303 1050 exprobraret,

214 1065 400 1141 ‘Ceterose
414 1066 506 1148 quod
527 1067 671 1149 polliciti
691 1067 768 1143 sint,
783 1067 878 1131 tarde
894 1073 1069 1149 praestare:
1092 1068 1152 1132 sed
1168 1068 1302 1151 ipsum,¹

213 1165 305 1250 quod
320 1173 471 1249 praestet,
492 1167 586 1231 tarde
608 1166 782 1250 polliceri.’
824 1166 975 1232 Tandem
991 1169 1087 1250 quasi
1101 1177 1252 1247 coactus,
1269 1177 1303 1236 et

212 1287 355 1350 quereus
386 1266 563 1331 ‘miseram
586 1273 621 1332 et
643 1286 814 1330 onerosam
836 1267 959 1350 injungi
982 1269 1067 1331 sibi²
1092 1269 1326 1346 servitutem,''

211 1369 340 1450 recepit
354 1369 528 1451 imperium
543 1387 553 1448 ;
573 1388 636 1433 nec
657 1375 765 1432 tamen
779 1369 886 1445 aliter,
902 1387 1002 1451 quam
1014 1379 1061 1443 ut,
1075 1369 1302 1452 depositurum

213 1487 250 1532 se
276 1468 486 1551 quandoque,
509 1487 602 1550 spem
627 1467 758 1532 taceret.
802 1468 915 1551 Ipsius
941 1471 1041 1532 verba
1063 1476 1141 1533 sunt
1152 1478 1172 1532 :³
1197 1472 1301 1535 ‘Dum

212 1569 343 1633 veniam
362 1569 405 1634 ad
422 1568 455 1632 id
478 1575 622 1650 tempuS,
632 1589 699 1652 quo
712 1571 809 1634 vobis
825 1589 955 1652 aequum
970 1572 1079 1654 possit
1093 1569 1207 1647 videri,
1223 1570 1302 1635 dare

139 1701 144 1708 ·
211 1677 301 1734 uos4
325 1670 472 1755 aliqdam
498 1671 662 1734 senectuti
685 1691 769 1736 mem
784 1670 951 1753 requiem.¹
991 1669 1071 1753 [25]
1095 1669 1302 1736 Cunctandi⁵

243 1883 255 1916 ¹
265 1883 333 1934 Alter
342 1899 393 1934 reru
401 1885 484 1948 exequi
491 1885 605 1948 prorum
615 1900 667 1948 eea,
677 1883 755 1948 iprum
762 1885 884 1934 'literius
894 1900 945 1934 reru
952 1887 1087 1948 prumttue
1098 1887 1158 1950 quod
1167 1891 1304 1951 exequutor.
1396 1891 1398 1896 '

665 2059 845 2080 aunuum

209 2205 286 2254 anim
297 2205 378 2256 Grau.
389 2205 534 2268 probmtila
545 2207 654 2255 Dukero
663 2206 695 2255 rd
713 2207 782 2256 Fler.
793 2221 823 2256 rr.
836 2212 872 2256 lt.
883 2211 907 2256 a.
919 2207 1008 2257 ores.
1020 2207 1080 2256 Bru.
1091 2205 1169 2254 Wolf.
1179 2207 1263 2256 Perir·
1274 2219 1302 2259 et

211 2269 313 2318 Butrulr.
322 2269 354 2318 ad
371 2271 396 2320 tr.
407 2271 425 2318 l.
438 2285 496 2320 euru
508 2285 576 2320 runa.
593 2270 664 2319 doct.
683 2272 709 2319 iu
728 2283 808 2334 marg.
822 2271 870 2320 Ed.
883 2272 983 2334 Gryptr.
995 2273 1069 2320 rara.
1084 2271 1129 2318 ‘Si
1141 2277 1222 2320 staret
1235 2274 1303 2334 vulg.

208 2333 439 2396 interpungendum
451 2335 538 2383 relteru
551 2341 619 2383 earet
630 2349 688 2382 cum
701 2335 829 2400 plerirque
842 2335 908 2384 Edd.
920 2345 947 2384 et
960 2336 1027 2384 Oud.
1038 2341 1095 2398 peut
1106 2335 1232 2396 retenuit,
1240 2337 1302 2398 jun·

210 2399 343 2462 gendnque
359 2398 504 2460 impartiare
516 2398 620 2448 ...uer
649 2397 665 2448 .'
683 2399 793 2462 Baunrg.
826 2399 857 2448 lu
870 2399 937 2448 Edd.
956 2399 1030 2449 Juut.
1052 2397 1110 2446 Atd.
1130 2400 1221 2458 Steptr.
1240 2415 1302 2450 auae

209 2463 335 2510 adluuntur
345 2477 391 2509 um.
401 2477 461 2510 uuae
471 2463 560 2525 inerep.
572 2463 623 2510 vin
644 2495 651 2509 .
662 2467 686 2511 2.
697 2463 849 2512 munster
859 2478 919 2512 aeae
930 2478 975 2511 um.
985 2471 1012 2512 et
1022 2463 1057 2511 ita
1066 2463 1137 2511 Cart.
1149 2461 1216 2510 Edd.
1227 2464 1302 2513 Rom.

209 2525 281 2575 Med.
291 2525 385 2576 Sabell.
398 2525 470 2574 caru.
482 2526 546 2574 Bou.
570 2527 719 2576 adhortantis
738 2525 834 2576 Medic.
846 2531 869 2574 t.
893 2527 1022 2575 udtortuae
1039 2540 1120 2585 marg.
1142 2526 1246 2576 Medici.
1261 2540 1301 2591 pr.

208 2589 376 2637 umicurdeert
388 2589 466 2638 Vind.
475 2593 563 2639 r.-1o
573 2591 699 2653 Rumperet
711 2591 807 2640 Medic.
821 2595 843 2641 1.
854 2591 921 2639 Edd.
935 2590 1030 2638 Sabell.
1043 2590 1114 2638 Med.
1127 2589 1200 2638 catu.
1219 2591 1302 2640 Paulo

209 2661 270 2702 aute
280 2653 357 2702 calida
365 2654 429 2702 Ven.
440 2657 465 2703 t.
476 2668 507 2702 rc
520 2668 578 2702 urox
589 2654 725 2716 expreturit
737 2655 855 2704 cort-l
871 2655 903 2704 Se
911 2655 955 2718 ipe.
969 2655 1073 2702 ltleurur.
1084 2653 1159 2702 vind.
1171 2660 1193 2703 l.
1206 2655 1303 2704 Medic.

210 2721 235 2765 s.
247 2717 329 2766 Perir.
342 2717 457 2767 Heriem.
469 2717 528 2779 Cui.
539 2726 566 2766 et
586 2719 795 2782 prosequendo.
809 2718 882 2768 Vett.
900 2733 926 2768 re
936 2723 960 2766 et
970 2719 1016 2780 r'pr.
1025 2717 1122 2767 Medic.
1136 2721 1157 2766 l.
1173 2721 1247 2767 redee
1295 2753 1301 2769 .

210 2781 285 2830 Vere.
301 2781 381 2844 eripe.
390 2782 483 2844 quidem
495 2781 544 2831 Ed.
556 2783 692 2832 Romane.
725 2785 761 2832 At
772 2785 813 2832 red
822 2783 867 2845 ipe.
886 2782 954 2845 qrrud
972 2797 1004 2830 ex
1022 2783 1083 2831 Urr.
1102 2790 1129 2830 et
1146 2783 1206 2832 Liri.
1219 2733 1301 2832 esdr.

210 2859 268 2894 curn
280 2845 328 2894 Ed.
337 2845 428 2907 Steph.
440 2845 556 2894 restituit
566 2846 677 2896 Careub.
689 2847 783 2896 trabent
793 2846 887 2896 Medic.
898 2850 922 2896 t.
933 2846 1011 2894 vind.
1021 2849 1045 2896 2.
1059 2847 1204 2910 pluresque.
1237 2848 1302 2896 Cum

210 2909 271 2958 Bae.
281 2917 348 2972 poet.
360 2917 387 2958 et
399 2911 467 2970 Lipr.
477 2909 557 2971 ejecit
568 2925 593 2958 ee
611 2911 651 2958 vel
661 2913 702 2959 red
712 2911 787 2959 Torr.
819 2911 882 2959 Tum
893 2911 972 2958 tardet
984 2911 1101 2958 Dum-2
1119 2909 1173 2959 Siti
1184 2909 1225 2970 iri.
1237 2912 1305 2960 Edd.

210 2973 283 3022 Rom.
294 2980 321 3021 et
332 2973 417 3036 recipit
429 2973 525 3022 Medic.
538 2977 562 3021 ³.
576 2974 653 3022 Polit.
664 2975 775 3035 Cup—t
788 2973 874 3036 Vulgo
885 2978 939 3020 ruat
951 2973 1007 3021 loec.
1041 2975 1143 3022 Delevit
1157 2988 1302 3035 prenomen

210 3037 279 3084 Oud.
290 3037 417 3084 auctorit).
429 3038 492 3086 Mer.
506 3037 589 3088 Palm.
602 3037 667 3098 Cep.
680 3037 755 3084 Hulr.
772 3037 858 3085 Perta.
876 3036 973 3086 Medic.
985 3037 1061 3085 vinu.
1083 3037 1162 3086 Polit.
1180 3039 1256 3086 Voss.
1274 3047 1302 3086 et

210 3099 275 3148 Edd.
287 3107 346 3149 rute
359 3101 419 3149 Bar·
429 3101 656 3163 comprobantibus
667 3101 728 3150 Era.
740 3099 817 3150 Wolf.
835 3101 994 3162 Bruma-⁴
1014 3100 1060 3148 Vor
1076 3102 1133 3148 dure
1149 3100 1215 3148 Edd.
1227 3101 1301 3150 Rom.

209 3163 275 3214 Vera
287 3165 353 3214 Bon·
364 3164 442 3228 Lupd.
464 3166 531 3215 Dein
544 3181 592 3230 pro
602 3181 653 3229 req.
670 3166 733 3215 Per.
743 3180 759 3213 a
769 3179 803 3214 ur.
814 3177 853 3227 pr.
863 3166 1011 3213 cerium—tt
1030 3163 1157 3214 Cuctnati
1169 3165 1265 3214 Medic.
1278 3170 1303 3215 l.

704 3358 811 3410 Now

242 3485 248 3518 ¹
264 3484 359 3540 Quarta
381 3484 467 3549 ultra]
488 3486 585 3537 Endera
609 3487 737 3537 sententie
776 3487 802 3536 iu
816 3485 963 3550 rebusquer
980 3499 1030 3535 nou
1048 3483 1188 3541 occuleret,
1205 3499 1303 3535 reuua·

208 3561 341 3610 Saturnini
359 3562 427 3626 apud
439 3564 589 3625 Vopiscum,
602 3567 696 3614 amicos
708 3573 736 3614 et
777 3573 847 3627 ture,
857 3579 901 3613 seu
913 3561 1087 3620 assuetudine,
1104 3575 1226 3624 suspensa
1237 3577 1303 3614 seur·

209 3639 352 3687 exercitum
378 3639 551 3704 alloquentis:
591 3641 737 3704 6Νιειοίῐὶι,
778 3651 824 3701 per
845 3644 872 3687 et
893 3637 1003 3686 obscura
1030 3636 1128 3685 verbe:
1156 3644 1216 3685 tuuc
1242 3653 1303 3687 rere

209 3713 363 3778 aruiel,quid
381 3716 440 3764 meti
456 3717 489 3766 rit
505 3717 642 3780 imperare.
674 3717 736 3767 (ltr-
776 3713 868 3762 nitenti
881 3719 1008 3761 utreurue
1028 3725 1087 3760 euos
1104 3713 1205 3773 peuirur
1224 3713 1322 3762 abde.

209 3793 243 3841 dii
261 3799 289 3842 et
306 3796 357 3841 tela
373 3794 469 3842 nostrie
485 3793 629 3842 cervicibus
641 3793 738 3857 iurpeu·
777 3796 827 3848 rot,
843 3789 868 3836 lu
885 3787 1011 3837 incertum
1022 3795 1049 3837 et
1061 3787 1204 3850 ambiguum
1224 3789 1303 3850 magis

207 3871 280 3923 dent,
299 3867 431 3918 imminent
452 3869 532 3918 haste
552 3867 672 3930 undique,
692 3881 737 3916 uu·
776 3861 994 3926 implicabantur!

207 3941 284 4005 dique
297 3941 464 4006 rpierrlr,ipri
475 3942 594 3992 custodes
604 3943 736 4004 timentur,
808 3938 815 3972 ¹
830 3939 882 3987 Aet
895 3942 962 3999 ngat,
977 3935 1029 3999 tre]
1046 3936 1103 3985 Hoc
1122 3945 1171 3991 ert,
1187 3936 1227 3984 vel
1246 3943 1303 3986 tau·

206 4017 256 4079 iprl
274 4017 383 4067 comites
400 4017 582 4081 formidentur,
597 4031 647 4067 nou
664 4019 736 4066 cibun
777 4013 834 4063 deur
858 4023 949 4078 aperte
971 4013 1126 4078 profiteatur
1151 4029 1252 4063 sumere
1275 4031 1302 4065 re

207 4107 254 4156 pro
266 4093 420 4156 voluptate,’
432 4097 481 4142 dre.
776 4091 958 4154 principatum,
974 4092 1014 4140 rei
1033 4091 1066 4139 ab
1081 4104 1113 4138 eu
1125 4090 1248 4140 sumendo
1259 4092 1303 4140 de-

238 4169 365 4219 *Certior
400 4168 549 4218 cunctatione
582 4166 736 4232 ruepeudetre]
775 4167 866 4227 rietat3
883 4181 940 4215 uaru
962 4181 989 4215 re
1009 4167 1074 4228 iper,
1092 4173 1121 4214 ut
1138 4165 1235 4216 dictum
1252 4177 1302 4231 oet,

206 4243 309 4294 Tacitus
332 4243 445 4294 ibidemr
463 4243 638 4310 'liberisque
658 4242 737 4294 etiem
772 4243 825 4306 jam
838 4241 930 4306 erubet
941 4241 1089 4306 Principem
1098 4247 1125 4291 ct
1133 4242 1302 4306 principatum
