3228 4926
673 409 870 458 ocrevrus.
1251 394 1315 460 281

224 563 277 618 tos
301 553 475 618 liberarum
500 551 730 636 sociorumque
756 552 900 633 gentium
927 552 1035 616 vetuit
1060 551 1092 614 in
1118 549 1315 616 orchestra¹¹¹

225 653 423 731 considere,³
455 672 545 728 curn,
572 652 734 736 quosdam
757 653 864 724 ,etiam
889 653 1035 718 libertini
1063 653 1193 732 generis
1220 652 1316 728 rnitti,

225 754 508 838 deprehendisset.
552 754 721 819 Militem*
743 755 885 819 secrevit
908 773 929 817 a
952 753 1105 836 populo.'¹
1150 752 1316 816 Meritise

224 856 345 939 plebe⁰
366 856 520 939 proprios
546 855 678 920 ordines
702 854 910 936 assignavit:
934 854 1149 936 praetextatis
1174 873 1315 918 cuneum

224 965 349 1033 snum‚¹'
369 964 402 1022 et
420 957 612 1039 proximum
628 954 840 1039 pedagogis:
862 957 1050 1038 sanxitque,
1065 955 1194 1037 nequis
1209 953 1316 1036 pullu·

679 1147 856 1167 lm

224 1277 339 1342 elinque.
356 1279 414 1342 quid
428 1280 550 1344 spertcsdi
566 1277 650 1330 Paris.
665 1279 780 1329 Heriem.
797 1278 864 1329 Edd.
885 1278 951 1328 Veu.
969 1283 1002 1329 tr.
1021 1277 1212 1327 Bon.13u.-s
1230 1275 1316 1328 &dere

189 1375 191 1378 -
225 1343 289 1406 Cep.
301 1343 375 1392 lluls.
389 1343 485 1394 Medic.
498 1342 887 1406 1.t.vud.e.eenstuerean.
912 1345 995 1404 Stipes
1012 1343 1094 1391 liuere
1108 1341 1181 1390 decet
1199 1342 1270 1392 Cort.
1288 1351 1316 1391 et

223 1405 357 1455 distinctio
369 1415 426 1470 post
440 1409 522 1456 lione
534 1408 637 1470 ponitur
649 1408 673 1456 in
687 1409 804 1456 Dua-l
821 1407 914 1456 Milites
926 1408 1004 1457 Fouc.
1017 1407 1060 1470 qui
1078 1405 1156 1454 etism
1168 1419 1226 1453 cum
1237 1407 1314 1456 Vind.

222 1473 247 1520 2.
260 1485 339 1536 marg.
350 1469 430 1521 uultis
440 1472 536 1534 eplebe.
568 1471 736 1535 Proproprios
746 1472 963 1535 legerepropieres
973 1472 1034 1520 Bru.
1044 1471 1191 1520 inurentem
1204 1470 1315 1518 venit.-

712 1645 824 1698 NOTAE

224 1740 422 1806 oratiuncula
437 1747 569 1803 suggestus
582 1740 627 1806 ibi,
638 1752 666 1792 et
677 1742 748 1792 sellse
789 1759 805 1792 x
815 1744 979 1808 popularibus
996 1744 1197 1808 distinguerent:
1215 1744 1249 1795 de
1260 1747 1316 1810 qui·

224 1816 323 1866 curules
349 1815 520 1880 ponebantur,
541 1818 581 1866 vel
603 1816 749 1866 ebsemibus
788 1819 835 1870 bus
853 1821 878 1869 in
889 1819 944 1872 Jnl.
956 1835 981 1870 c.
992 1823 1032 1871 te.
1049 1819 1173 1883 gradibus
1189 1819 1251 1884 ipsis
1268 1821 1315 1871 du·

223 1891 293 1956 ipsis,
304 1892 406 1942 bonorls
418 1906 506 1954 censs,
517 1891 577 1955 quin
590 1899 617 1942 et
627 1892 746 1944 mortuis:
788 1894 831 1958 plo
849 1895 953 1946 circiter
975 1895 1109 1945 altioribus
1126 1904 1153 1943 ct
1173 1895 1315 1948 tertoribus.

224 1983 281 2033 que
299 1967 432 2019 commode
448 1969 474 2016 in
491 1967 612 2030 gradibus
628 1968 688 2032 poni
702 1982 747 2033 po-
787 1969 960 2029 Atbenienses
976 1971 1065 2020 dixere
1081 1968 1228 2032 διαζόμιτα,
1244 1970 1315 2019 Gelli

223 2045 310 2100 unisse
329 2045 371 2093 vix
388 2044 511 2095 credibile
529 2041 615 2094 luerit.
637 2044 705 2094 Vide
723 2059 747 2094 c.
787 2047 917 2109 retroittea
932 2047 1079 2109 podicem
1092 2047 1204 2096 coridon.
1237 2045 1314 2098 Quod

222 2123 263 2170 tn.
275 2121 301 2170 in
309 2121 364 2173 lul.
788 2120 809 2169 sl
821 2121 863 2170 cul
873 2120 907 2171 eb
920 2121 972 2171 isne
983 2135 1011 2171 v.
1024 2134 1049 2185 ς.
1059 2122 1192 2171 orchestra
1207 2120 1259 2169 iter
1275 2135 1315 2170 es·

255 2203 272 2228 ·
291 2195 429 2258 Oretum]
445 2193 737 2245 Interiectuctru.
787 2202 828 2245 set
838 2196 871 2245 sd
883 2211 1015 2257 summam,
1025 2197 1084 2260 quie
1095 2195 1211 2245 sedilium
1226 2196 1314 2245 siritu·

254 2277 267 2301 ¹
285 2270 499 2320 Militemsecrseit
514 2286 529 2319 c
537 2271 634 2335 populo]
651 2271 688 2320 Ut
699 2272 746 2320 sel·
788 2268 821 2321 do
835 2272 917 2321 miuus
928 2269 1062 2322 commode
1075 2269 1163 2322 future
1179 2280 1244 2326 eret,
1255 2270 1314 2320 ideo
1328 2307 1330 2312 .

223 2345 285 2399 licet
298 2345 324 2395 iu
341 2346 448 2396 dirersis
467 2355 554 2396 esseut
570 2345 747 2396 stultioribus
787 2348 881 2412 gradus
892 2346 1015 2412 quosdam
1027 2348 1107 2408 crepis
1123 2347 1258 2410 depresses
1268 2346 1314 2396 ed·

222 2419 326 2469 emittit:
342 2435 400 2470 cum
411 2419 480 2470 enim
490 2419 600 2476 theatriis
612 2426 639 2470 et
650 2419 748 2483 euplii·
787 2424 923 2474 diderentt
942 2423 968 2472 bl
983 2423 1096 2474 Sceleris
1114 2421 1212 2472 Letinis
1225 2421 1314 2471 dieun-

223 2494 324 2546 tbeetre
351 2495 469 2546 mulmis
496 2495 640 2545 altitudinis
667 2493 748 2546 tuisse
787 2507 838 2562 tur,
848 2499 922 2549 nobis
937 2501 979 2548 des
990 2498 1100 2560 nudius.
1133 2495 1314 2561 singultiens

223 2577 334 2626 constet,
344 2572 400 2634 ejus
410 2572 486 2635 longe
502 2571 630 2620 minimam
648 2578 748 2635 pestem
786 2576 899 2636 sceleres
916 2574 975 2636 ste,
987 2573 1019 2624 sb
1035 2575 1086 2624 inre
1102 2587 1183 2623 caves
1198 2572 1230 2624 sd
1247 2586 1315 2622 suns·

224 2647 520 2712 cspiebeutseeetur‚et
530 2649 676 2713 equestria;
688 2649 748 2700 ideo
786 2664 865 2714 mens,
873 2665 924 2702 nou
935 2649 1144 2700 extendebantur
1154 2661 1205 2699 uno
1217 2654 1316 2712 tenore,

223 2723 360 2786 populeris
370 2723 462 2774 iteruin
479 2723 596 2774 dbtinxit
607 2723 748 2787 Angustus,
787 2726 835 2776 sed
854 2725 959 2789 singulis
970 2740 1015 2776 ess
1033 2723 1257 2787 praelectionibus
1268 2723 1314 2772 de·

223 2799 430 2864 peculiaremque
441 2799 467 2850 in
479 2799 509 2848 iis
523 2800 643 2850 militibus
654 2806 682 2849 et
693 2800 748 2864 ple·
786 2800 873 2852 linitas
889 2799 978 2856 luisse,
996 2799 1091 2864 probet
1107 2797 1208 2863 Lipsius
1225 2812 1258 2848 ex
1270 2797 1315 2847 Vi·

221 2873 247 2924 bi
259 2875 341 2926 locum
354 2875 503 2940 resignarit.
787 2876 872 2926 trevio
891 2882 920 2924 et
938 2875 1011 2944 ellis3
1036 2881 1065 2924 ut
1081 2874 1171 2938 prime
1188 2873 1314 2940 precinc-

239 2956 265 3004 ιο
282 2950 491 3014 Mettisspiebc]
508 2948 587 3013 Apud
601 2949 748 3014 antiquissi-
787 2951 872 3014 tionis,
888 2952 944 3016 ejus
964 2965 1056 3016 nempe
1075 2966 1133 3015 quse
1155 2951 1314 3001 orchestram

222 3038 277 3073 ωσι
297 3025 426 3076 nomano·
448 3025 531 3087 nuj0r
546 3023 637 3087 nonos,
659 3030 689 3076 nt
711 3026 749 3075 sit
786 3030 820 3080 au
836 3030 998 3096 equesuuus
1014 3027 1313 3092 cistrensr,soeurnu-

224 3099 322 3149 Gellius
333 3101 379 3150 lib.
389 3114 420 3152 ιι.
432 3115 457 3150 e.
469 3103 508 3150 ib.
520 3101 609 3164 mejeri
620 3100 692 3150 etati
702 3102 748 3150 bx·
786 3114 862 3170 peret
878 3121 894 3156 e
911 3107 997 3157 medio
1014 3107 1112 3156 directe
1131 3103 1226 3168 spatio,
1244 3102 1314 3167 qnod

214 3175 341 3240 ,bebium
351 3177 359 3205 ‘
369 3176 414 3226 ted
425 3183 561 3241 potitium
573 3175 674 3226 mbulet
685 3174 748 3226 clvi·
784 3178 855 3230 luter
866 3179 929 3230 does
940 3179 1034 3243 prioris
1051 3177 1242 3242 precinctionis
1258 3191 1314 3225 sce-

222 3251 272 3301 teti
282 3253 427 3302 necessaris
437 3251 492 3301 else
503 3259 553 3312 est,
564 3249 635 3301 stsd
648 3251 748 3314 prolem
786 3255 824 3305 iss
844 3255 1021 3319 interjacent,
1040 3253 1129 3317 sicque
1152 3251 1258 3300 slteruis
1280 3251 1314 3300 ed

223 3327 312 3390 populi
323 3324 536 3391 freqnemsndens
546 3325 657 3388 premite
669 3333 749 3390 etque
786 3325 912 3380 summurn
930 3342 1018 3392 usqne.
1050 3327 1110 3378 iarn
1121 3340 1183 3377 rere
1202 3327 1313 3390 spetiuru

221 3403 397 3453 inritamentis
413 3417 474 3452 usus
492 3399 550 3464 luit,
568 3407 621 3450 turn
639 3401 748 3451 suteleti
784 3403 848 3454 lllud
865 3404 989 3467 precluum
1006 3403 1060 3454 eisc
1077 3402 1263 3468 subselliorum,
1276 3404 1314 3452 in·
1374 3403 1382 3418 ’

220 3480 372 3546 quibusdem
383 3479 410 3530 iu
419 3479 506 3538 rebus,
516 3478 559 3542 qui
570 3490 684 3539 uxorem,
691 3479 747 3541 qui·
787 3487 827 3530 ter
838 3478 901 3529 dues
912 3480 994 3529 seeles
1005 3479 1226 3543 conprehensum,
1235 3491 1313 3544 prop·

222 3571 272 3621 qus
287 3557 383 3607 liberes
398 3553 543 3610 heberent?
553 3555 603 3605 dec.
613 3554 682 3604 idem
699 3553 747 3604 ibi·
788 3563 829 3606 ter
846 3555 957 3626 eliqnspr
968 3570 1109 3607 cuneorum
1120 3555 1270 3605 bellicorum
1281 3554 1314 3603 si·

223 3630 283 3680 dem
302 3641 329 3681 et
344 3631 399 3695 leur
418 3643 496 3693 septe
514 3629 539 3679 ie
557 3630 611 3681 Jul.
629 3645 652 3680 c.
664 3634 705 3682 tt.
720 3637 748 3681 st
787 3631 967 3695 militudinem,
987 3632 1091 3696 proprie
1112 3630 1249 3682 dicebatur
1269 3645 1314 3679 cu·

224 3705 291 3770 Aug.
302 3719 326 3755 c.
337 3709 378 3756 tt.
387 3713 415 3754 et
426 3701 493 3753 inire
504 3703 581 3754 (leth.
592 3707 633 3755 to.
782 3721 866 3760 ,nense
886 3707 947 3757 inde
963 3707 1038 3757 cunei
1054 3707 1119 3756 certi
1137 3708 1215 3757 certis
1233 3705 1313 3768 essig-

254 3780 629 3843 emereretur-esum]
646 3780 748 3845 lipsius
787 3785 852 3845 neti,
872 3784 931 3833 binc
948 3783 1109 3833 excunesudi
1127 3781 1245 3844 verbnm,
1264 3781 1313 3832 noe

222 3855 267 3906 lib.
284 3855 318 3906 de
335 3855 466 3920 dmpbitb.
483 3871 507 3906 c.
519 3859 558 3904 lt.
571 3857 650 3920 juxte
666 3857 749 3919 tripli·
785 3865 826 3908 est
850 3857 983 3922 ejiciendi,
1003 3855 1171 3919 excludendi,
1191 3865 1220 3905 et
1242 3855 1311 3919 apud

223 3945 279 3981 eeu
296 3930 748 3995 spectstorumordinent,tripilessn
787 3934 878 3997 polites
899 3947 1037 3984 cuneorum
1064 3932 1185 3996 frequens
1207 3933 1312 3983 mentio.

222 4008 315 4058 stetnlt
330 4009 356 4056 ln
377 4015 432 4058 teto
452 4020 539 4059 cerere
559 4005 668 4058 circuitu
683 4019 749 4068 pre·
783 4007 908 4071 ,Virgilius
921 4021 951 4056 ιι.
963 4005 1128 4070 Georgicis.
1138 4010 1194 4056 5⁰8.
1211 4005 1312 4060 ‘Hunc

222 4083 388 4143 cinctionem,
405 4097 482 4147 quesn
499 4091 570 4133 recte
589 4081 748 4131 intellexeris
787 4084 891 4147 plausus
911 4083 1023 4132 bientesn
1041 4082 1095 4131 Per
1114 4095 1216 4132 cuneos.
1234 4084 1312 4144 pesni-
1364 4128 1367 4133 .

222 4157 347 4221 gudrum
357 4158 508 4219 divisiones,
516 4156 748 4220 etintervellequse
786 4167 861 4208 uetus
869 4158 936 4208 enirn
948 4157 1080 4222 plebisque
1090 4163 1242 4222 petrumque
1249 4157 1312 4208 Cor·

223 4236 381 4290 orchestram
389 4235 424 4288 eb
434 4234 607 4302 equestribus,
618 4235 750 4300 equestris
785 4233 881 4299 ripuit.'
915 4231 1093 4285 utuntur.
1109 4233 1243 4286 ‘Nuntius
1258 4234 1312 4284 An·
