3120 4926
297 423 340 488 1⁸2
638 432 1042 482 ascalonitana-caueri
1067 421 1069 428 '

297 583 361 644 iste
374 577 512 642 libellus
525 576 734 651 emitteretur,
749 582 969 658 propiorem,
985 575 1043 657 qui
1066 574 1134 638 alia
1153 574 1298 640 editione
1314 573 1388 661 Jam

298 678 453 744 instructi
480 676 615 760 aliquod
640 676 921 756 interpretationis
944 673 1133 739 subsidium
1155 688 1323 760 cuperent,
1336 679 1387 742 ibi

301 779 382 864 quid
398 778 531 843 consilii
547 777 654 841 secuti
669 776 841 853 fuerimus,
868 777 1057 859 exponendi
1073 777 1208 841 occasio
1223 785 1388 862 suppetet

300 877 433 962 Itaque,
460 897 558 960 quem
584 877 729 940 laborem
759 875 958 941 tristissimis
980 877 1195 959 temporibus,
1226 898 1391 962 oppressa

299 979 392 1044 foeda
416 979 638 1042 dominatione
659 977 779 1059 patria,
802 984 836 1039 et
854 978 1043 1042 imminente
1065 983 1104 1040 ut
1126 979 1281 1042 omnibus
1297 983 1390 1061 pacis

302 1081 439 1156 artibus,
468 1079 516 1142 ita
543 1078 644 1142 literis
670 1076 814 1140 maxime
842 1086 874 1140 et
903 1080 1047 1160 antiquae
1073 1078 1249 1144 eruditioni
1273 1083 1389 1157 exitio,

302 1180 441 1243 adortus
452 1179 590 1255 sueram,
605 1185 728 1260 postea
738 1177 821 1240 inter
836 1177 962 1240 medios
977 1177 1058 1241 belli
1068 1178 1242 1249 tumultus,
1251 1181 1390 1244 circum·

302 1281 521 1363 strepentibus
545 1281 658 1355 armis,
677 1295 770 1359 osope
786 1283 914 1342 astante
928 1279 1029 1342 etiam
1049 1279 1164 1356 milite,
1187 1282 1397 1364 continuari,

302 1401 410 1464 quem,
425 1399 543 1463 pamm
558 1379 701 1460 denique
710 1378 834 1456 aberat,
845 1379 925 1462 quin
939 1379 1015 1462 ipse
1025 1381 1146 1444 sumtis
1158 1381 1272 1458 armis,
1286 1387 1390 1446 morte

302 1483 416 1545 forsan
429 1481 594 1563 oppetita,
609 1481 886 1562 interrumperem,
901 1499 989 1557 eum,
1008 1481 1081 1544 Deo
1098 1481 1184 1544 satis
1194 1479 1311 1563 dignas
1322 1502 1393 1563 gra·

304 1585 370 1646 tias
385 1581 496 1645 dicere
511 1601 653 1665 nequeo,
672 1580 763 1663 quod
786 1580 961 1646 absolvero
980 1581 1060 1646 mihi
1083 1582 1220 1663 contigit
1241 1585 1394 1647 restituta

303 1681 425 1746 laetiori
435 1699 546 1744 rerum
561 1681 675 1757 forma,
684 1699 846 1764 oppresso
858 1689 1010 1765 tyranno,
1019 1689 1215 1766 recuperata
1229 1684 1393 1761 libertate,

304 1788 497 1846 renascente
518 1781 680 1864 felicioris
709 1785 773 1847 aevi
799 1803 871 1866 spe,
899 1803 989 1848 novo
1012 1791 1198 1866 emergente
1227 1785 1394 1848 literamm

304 1882 395 1961 flore,
410 1881 605 1964 redditaque
624 1884 786 1960 omnibus,
809 1903 885 1965 quse
899 1887 1002 1949 emori
1017 1891 1175 1968 coeperat,
1190 1887 1268 1949 vitae
1286 1887 1396 1969 publi·

305 2001 356 2047 cae
371 1983 579 2066 privataeque
594 1983 790 2063 alacritate3
812 2001 890 2066 quae
910 1987 1023 2050 omnia
1036 1987 1085 2050 uti
1100 2004 1230 2066 sperare
1245 2004 1321 2049 cum
1335 2005 1395 2069 op·

305 2084 389 2148 timo
416 2103 549 2167 quoque
574 2103 740 2166 nunquam
762 2087 905 2164 cessavi,
935 2086 984 2150 ita
1004 2093 1184 2170 postquam
1208 2091 1396 2160 crcuenrnt,

305 2185 458 2249 erectiori
481 2185 592 2249 animo
615 2187 732 2268 patriae
754 2205 838 2251 meae
859 2189 978 2270 iisque,
1000 2188 1059 2270 qui
1080 2188 1166 2250 beno
1189 2188 1222 2251 ei
1244 2188 1394 2271 cupiant,

305 2285 535 2366 congratulor3
553 2288 693 2370 juvenes
707 2293 828 2363 autem,
844 2293 958 2351 utnon
974 2289 1080 2353 minus
1095 2288 1233 2353 assidua
1244 2289 1397 2371 antiqno·

306 2405 378 2450 rum
404 2393 688 2451 monumentorum
710 2388 867 2465 lectione,
891 2395 925 2452 et
944 2390 1090 2472 sapienti
1111 2392 1232 2454 veteris
1250 2389 1396 2454 historiar

306 2505 381 2562 usu,
398 2504 497 2568 quam
513 2488 750 2551 recentissimis
774 2489 954 2570 exemplis,
975 2491 1128 2573 vivisque
1143 2509 1217 2554 cum
1233 2491 1398 2572 proximor

306 2587 463 2660 miserim,
484 2591 554 2650 tum
578 2593 685 2668 partae
708 2588 826 2652 salutis
850 2589 999 2670 vestigiis
1021 2590 1063 2653 ad
1087 2591 1259 2671 ingenuum
1277 2593 1397 2674 patriar

306 2687 521 2769 honesteque
541 2685 709 2750 libertatis
731 2705 875 2752 amorem
898 2689 1094 2767 excitentur,
1119 2691 1240 2774 piaque
1270 2691 1398 2756 incensi

307 2787 441 2850 flamma
452 2805 514 2869 pro
530 2787 583 2850 his
598 2788 703 2852 sacris
718 2793 829 2871 neque
843 2789 1052 2866 industriam,
1067 2810 1174 2872 neque
1182 2792 1325 2868 labores,
1336 2811 1398 2856 nec

307 2892 446 2952 mortem
460 2887 590 2969 quidem
603 2889 695 2951 obire
705 2895 868 2965 recusent,
880 2890 1102 2956 sanctissimis
1115 2892 1270 2974 precibus
1281 2911 1398 2956 exerce

308 2989 378 3052 Scr.
396 2987 603 3070 Msrssbnrgi
617 2989 652 3053 d.
667 3005 796 3052 xxvrr.
811 2989 889 3054 Jun.
906 3007 1113 3056 unccoxrv.

353 3089 408 3152 lta
431 3090 642 3171 scripseram,
665 3110 750 3154 cum·
764 3091 872 3154 editio
891 3098 1005 3158 nostra
1022 3100 1100 3158 ante
1114 3093 1285 3158 biennium
1299 3094 1399 3177 prelis

310 3190 541 3254 destinaretur.
583 3189 775 3255 Inciderunt
796 3200 913 3274 postca
934 3195 1029 3259 varia
1049 3194 1302 3277 impedimenta,
1323 3205 1398 3278 qum

309 3297 482 3372 operarum
498 3290 646 3355 laborem
661 3301 875 3370 morarentur,
891 3295 1068 3378 ipsumque
1078 3296 1246 3360 librarium
1261 3315 1283 3360 a
1296 3302 1400 3360 rnatu·

309 3389 414 3453 raudo
435 3391 577 3454 consilio
598 3403 788 3471 avocarent,
813 3396 848 3457 in
870 3397 994 3478 quibus
1016 3395 1107 3460 haud
1129 3396 1335 3461 levissimum
1356 3415 1400 3460 ex

310 3490 418 3565 novis,
434 3509 511 3572 ques
524 3493 671 3572 ingruere
682 3501 867 3577 coeperant,
884 3496 989 3560 turbis
1004 3495 1147 3562 bellicis.
1194 3495 1331 3575 Quibus
1345 3497 1401 3562 de-

310 3609 378 3654 nuo
391 3590 564 3672 copiarum
578 3598 766 3655 nostrarum
779 3594 897 3658 virtrne
909 3593 1071 3676 disjectis,
1083 3595 1268 3677 fractaque,
1278 3603 1315 3660 ut
1324 3615 1401 3679 spc-

310 3709 383 3754 rare
397 3691 487 3768 licet,
508 3691 544 3753 iu
566 3692 688 3755 multos
708 3711 812 3756 annos
834 3695 868 3758 vi
883 3693 997 3777 iraque
1013 3695 1167 3773 hostium,
1190 3715 1232 3759 eo
1245 3696 1403 3762 feliciori·

310 3792 374 3854 bus
390 3790 552 3873 auspiciis
567 3789 762 3856 Suetonium
778 3794 974 3872 emittimus,
995 3797 1049 3859 cui
1063 3796 1222 3879 quicquid
1236 3800 1401 3864 recentio-

311 3889 359 3954 ris
375 3907 464 3953 curoe
480 3890 608 3954 interea
621 3891 856 3974 impendimus,
881 3895 1059 3974 glossario,
1080 3897 1196 3979 inquo
1212 3897 1402 3962 adornando

307 3989 379 4072 jam
408 3990 624 4067 versabimur,
654 3993 824 4056 inseretur.
869 3993 992 4078 Neque
1016 3996 1202 4062 valedicere
1226 4017 1402 4080 possumus

311 4089 438 4166 lectori,
453 4090 545 4172 quin,
559 4093 699 4158 lustrato
716 4094 799 4176 jam,
822 4094 911 4177 quod
926 4103 1003 4162 aute
1018 4099 1134 4164 oculos
1149 4097 1322 4178 habemus,
1336 4101 1403 4185 pri·

312 4207 369 4259 mo
385 4191 498 4273 operis
518 4193 698 4272 volumine,
720 4195 844 4277 gratias
866 4213 1004 4278 agamus
1018 4195 1089 4262 Cel.
1105 4197 1286 4278 scherem,
1307 4201 1402 4285 cujus
