3216 4918
312 425 376 490 463
733 433 765 481 c.
787 385 965 482 scarnen

314 580 484 666 prohibuit
506 577 640 644 edicto:
662 577 739 640 item
761 570 968 643 strenarumd
990 571 1237 650 commercium,
1258 573 1408 636 neultra

314 681 486 746 Kalendas
500 679 523 742 J
525 677 678 744 annarias
694 687 912 742 exerceretur.
958 672 1166 739 Coneuerat⁶
1185 674 1408 756 quadruplam

301 791 472 860 ¹artronum,
494 778 592 844 etde
614 785 740 854 matun,0
763 777 921 840 reddere:
943 774 1002 838 sed
1026 774 1184 852 offensus,
1206 775 1408 856 interpellari

314 903 350 946 ee
366 888 437 949 toto
451 899 561 944 mense
574 881 618 946 ab
633 879 688 957 iis,
704 879 763 961 qni
785 884 985 962 potestatem
1009 877 1062 938 sui
1083 875 1138 938 die
1158 875 1246 938 testo
1264 893 1329 938 non
1351 877 1409 941 ha·

313 983 471 1058 buissent,
485 982 572 1048 ultra
586 1000 653 1046 non
668 979 770 1047 tulit.⁷
813 977 897 1063 [35.]
917 972 1137 1045 Maeonastt
1155 981 1328 1060 prostrata
1343 996 1409 1059 pn·

315 1337 413 1386 Manet
423 1337 522 1400 partim.
530 1339 607 1387 emula
613 1337 720 1386 vinde.
727 1337 843 1387 Heriem.
851 1337 937 1386 oemio
944 1337 1009 1386 Ven.
1016 1338 1039 1385 1.
1046 1336 1109 1383 Tium
1115 1335 1151 1382 ed.
1158 1331 1322 1396 prolimllun.
1330 1334 1410 1384 Foue.

316 1401 423 1450 Mamm.
434 1401 530 1450 Medic.
540 1401 600 1464 an.
615 1402 663 1451 Ed.
683 1401 758 1451 Rom.
776 1415 829 1450 eee.
848 1402 927 1450 mictu
947 1400 1084 1461 camp-e
1103 1396 1409 1448 omnimodam.

316 1479 398 1526 marg.
410 1464 458 1514 Ed.
470 1464 543 1514 Med.
553 1479 592 1528 pr.
622 1465 655 1515 In
674 1465 729 1514 aliia
745 1469 904 1515 annumeret.
931 1464 1007 1512 Noet.
1019 1464 1079 1512 lect.
1092 1462 1195 1523 reponit
1206 1461 1286 1510 Grou.
1298 1459 1410 1510 fatenti·

316 1527 362 1576 bue
374 1527 456 1576 Codd·
466 1529 603 1592 plerieque.
636 1529 700 1579 Pnet
711 1527 738 1578 ld
750 1529 822 1578 verb.
834 1531 862 1577 in
874 1526 943 1577 Edd.
954 1527 1063 1577 Ceaaulr.
1074 1526 1170 1575 Schild.
1183 1525 1289 1588 alliaque
1300 1531 1410 1574 recentt.

315 1591 437 1643 inseritur
447 1597 481 1654 et,
490 1593 566 1656 =qund
579 1593 663 1641 nullm
674 1593 790 1656 agnoeeit
801 1593 853 1642 Me.
865 1605 950 1655 neque
968 1591 1017 1640 Ed.
1030 1591 1092 1638 liet.
1124 1589 1217 1650 Itaque
1228 1588 1327 1638 delerit
1338 1588 1410 1639 Oud.

316 1655 412 1704 Statim
423 1657 540 1718 quadripl.
561 1655 657 1706 Medio.
668 1659 693 1706 2.
710 1655 848 1718 quadripoda
859 1655 933 1703 Vnae.
967 1655 1103 1704 Praeterea
1121 1658 1241 1701 turmot
1258 1652 1285 1700 in
1302 1653 1409 1702 Mamm.

315 1718 414 1768 Medic.
426 1720 491 1781 Cep.
503 1720 574 1767 Vere.
586 1719 624 1768 nti
633 1733 712 1782 eupra
723 1725 872 1768 manorum
882 1719 961 1768 Foco.
974 1717 1042 1766 0ud.
1053 1723 1129 1779 putat
1139 1717 1263 1790 ecriptnm
1275 1729 1322 1777 pro
1332 1721 1410 1765 etrea·

314 1787 429 1891 illiti
441 1779 1077 1906 ttft.³e:t?tt,⁰tlttttttt·lietu:
1088 1783 1183 1891 itm
1194 1780 1409 1893 {tilt‘tltt

315 1907 433 1967 exceptio
445 1907 518 1956 Rom.
531 1917 558 1956 er
570 1908 707 1972 ediderunt
719 1907 789 1958 oud.
806 1916 834 1958 et
851 1909 941 1958 Burm.
952 1907 1080 1970 probante
1092 1857 1171 1956 Woit‘.
1203 1905 1332 1956 Defendit
1342 1906 1410 1968 vulg.

313 1969 418 2017 reddidit
430 1971 491 2021 Em.
503 1978 530 2020 et
543 1972 580 2020 ita
592 1972 692 2035 prebet
703 1972 811 2020 Memm.
844 1970 928 2020 Peuto
939 1979 1001 2022 ante
1018 1971 1045 2025 in
1062 1970 1141 2021 Vind.
1154 1975 1175 2022 t.
1194 1985 1220 2020 ee
1233 1985 1300 2034 poree
1312 1975 1371 2032 toto,
1381 1976 1409 2018 et

315 2033 345 2080 ab
355 2033 394 2082 tie
405 2034 469 2084 Mae.
480 2043 507 2084 et
517 2035 584 2084 Edd.
596 2037 718 2086 Veto-8
730 2037 898 2098 Matremque
909 2035 988 2084 Vind.
997 2038 1022 2083 1.
1031 2035 1147 2088 Heriem.
1159 2034 1244 2083 Perie.
1256 2033 1323 2084 Edd.
1335 2035 1408 2083 Rom.

315 2110 369 2146 eec.
381 2097 448 2147 Veu.
461 2106 493 2148 tr.
505 2098 577 2149 Med.
589 2100 662 2150 Celd.
674 2099 740 2149 Bon.
753 2100 871 2163 aliaque,
879 2105 1054 2162 matronaeque
1064 2099 1137 2148 Cert.
1159 2099 1223 2147 Mox
1233 2097 1324 2161 publice
1332 2097 1410 2150 Foue.

808 2227 916 2278 NOTAE

315 2327 360 2370 aut
370 2321 455 2386 aliquo
474 2323 524 2372 alio
544 2337 619 2373 tenen
636 2339 685 2375 nou
703 2325 740 2373 lta
751 2325 842 2385 obvin;
882 2322 943 2388 quia
958 2323 1039 2372 ‘uuiti
1058 2321 1204 2370 mortalium
1218 2321 1331 2371 naculum
1343 2319 1408 2371 fere·

314 2405 490 2448 verumtamen
503 2399 606 2450 ridetur
614 2400 686 2450 ‘aliod
697 2401 844 2465 intelligere
880 2397 965 2447 bant:
995 2397 1125 2461 Quicquid
1145 2397 1214 2446 euim
1234 2395 1282 2444 ‘in
1305 2398 1409 2446 excelro

315 2473 388 2534 nihil,
400 2473 447 2522 niel
458 2474 526 2538 qrrod
543 2475 600 2538 eprl
616 2483 707 2526 exacte
718 2475 845 2524 dimidiati
880 2471 985 2537 faetigio
1000 2471 1113 2535 potitum
1130 2479 1180 2528 eat,
1198 2471 1285 2520 humili
1304 2479 1333 2520 et
1347 2471 1410 2522 trita

316 2547 844 2614 alteramedietaanihllhabeatquoduou
881 2550 1078 2614 enneuetodine,
1100 2562 1150 2614 quo
1171 2549 1206 2597 eit
1228 2546 1409 2612 venerabilius,

275 2617 276 2624 ’
318 2619 522 2683 eitloutrnque.
879 2622 1193 2684 vacnumeereopertet.'

346 2701 358 2728 ⁸
375 2694 520 2748 Quotidiano
531 2694 621 2756 camb]
637 2695 680 2744 De
690 2695 790 2760 hiajem
802 2711 844 2746 eu·
911 2699 923 2734 ‘¹
940 2699 1093 2764 Strenuum]
1111 2701 1151 2749 De
1170 2699 1209 2750 luia
1227 2713 1306 2764 eupra
1317 2700 1343 2750 iu
1355 2699 1409 2750 Au·

317 2782 363 2831 pre
375 2769 400 2816 in
413 2769 516 2818 curare
529 2783 585 2834 cap.
598 2775 637 2820 lt.
648 2777 677 2822 et
691 2769 758 2820 infra
769 2772 844 2821 Clau·
881 2782 957 2840 gnato
979 2790 1037 2839 cap.
1056 2781 1097 2826 er.
1132 2776 1316 2826 commercium
1335 2775 1412 2839 dicit,

316 2841 776 2906 dilcep.26.Neronieeap.⁸⁷.&c.
804 2847 844 2898 Ex
880 2851 940 2915 qnia
963 2851 1073 2902 vieieeim
1095 2850 1224 2900 dabantur
1252 2849 1330 2898 xenia
1361 2863 1409 2900 eeu

317 2915 409 2979 quibua
425 2917 548 2980 colligere
567 2925 617 2982 eet,
634 2920 683 2968 hnc
696 2920 782 2970 edicto
793 2935 844 2970 uon
880 2932 987 2988 atreum,
1005 2934 1033 2976 et
1049 2927 1248 2976 remittebantur
1265 2925 1410 2988 apophore-

315 2989 445 3054 prohibite
457 2993 554 3055 nacula,
572 2993 622 3042 niel
638 3009 695 3060 qun
714 2995 845 3047 debentur
880 3007 915 3050 ta.
950 3001 1026 3051 Unde
1046 3001 1124 3050 etiam
1153 3001 1281 3052 Martialie
1308 3007 1409 3050 etrenae

316 3066 411 3128 paeeim
429 3064 461 3115 ab
478 3066 560 3116 obriie
579 3081 676 3117 eumma
693 3071 844 3136 qtrandoque
880 3075 1065 3125 Saturnaliciae
1078 3077 1177 3127 duobue
1194 3077 1265 3127 librie
1283 3076 1409 3142 intinxit,

316 3141 451 3190 molestior
480 3157 555 3206 quern
578 3157 675 3192 morem
704 3145 844 3195 Domitiani
881 3152 1031 3200 strenarum
1042 3151 1313 3218 etdpoptmretomm.

316 3215 473 3279 temporilme
484 3217 577 3267 itemm
589 3219 845 3270 inraluleeeteatatur
913 3232 925 3258 ⁰
941 3226 979 3275 De
996 3227 1081 3290 mnne]
1107 3227 1164 3276 Non
1183 3242 1230 3292 per
1249 3227 1411 3290 diepeneato·

316 3289 448 3339 Martialie
467 3291 510 3342 lib.
532 3307 572 3343 ιι.
598 3293 676 3358 Epig.
691 3298 731 3344 98.
756 3295 844 3346 ‘uffu-
881 3293 953 3350 rem:
981 3316 1032 3365 quo
1053 3302 1109 3350 loco
1131 3302 1280 3352 Torrentiue
1302 3303 1410 3354 miretur

317 3377 380 3428 gere
392 3378 441 3414 non
458 3373 509 3428 eet,
527 3368 618 3430 Baeee,
628 3369 770 3420 basiatore·
782 3387 788 3418 ι
800 3371 844 3420 Io·
881 3378 1050 3443 quadruplum
1064 3379 1189 3428 aTiberio
1200 3379 1339 3442 redditum,
1349 3393 1410 3430 cum

316 3449 396 3502 mni,
404 3450 846 3509 m⁰t⁸¹¹l¹¹¹‚tt0r³0quunter‚occor-
881 3452 1013 3518 Auguatue
1025 3455 1124 3504 nonnisi
1135 3452 1283 3502 tantundem
1303 3460 1348 3501 ent
1360 3454 1409 3503 du·

318 3520 389 3574 runt,
400 3516 434 3564 Et
444 3515 514 3581 ltine,
523 3524 550 3567 et
561 3517 642 3580 illinc,
652 3534 844 3588 nequeqrrnque,
880 3531 949 3592 plum
957 3527 1111 3576 remitteret.
1132 3528 1181 3576 Dio
1190 3533 1279 3576 auctor
1287 3531 1328 3576 eet
1336 3527 1409 3579 illum

318 3591 501 3655 quacumque‚’
529 3595 578 3643 &c-
621 3594 697 3645 onon
729 3596 843 3648 edietum
881 3602 1111 3654 enuntiandarum
1127 3609 1229 3667 tempus
1245 3603 1410 3656 ammomu-

318 3663 522 3716 Ceeaubonueeo
533 3667 774 3720 coneilio'liberium
784 3688 843 3738 pro·
881 3685 944 3738 tum,
955 3691 987 3726 ne
1005 3685 1105 3728 atrenae
1118 3679 1248 3742 acciperet
1259 3695 1267 3739 ς
1286 3680 1354 3743 quod
1377 3681 1410 3732 alt

317 3742 446 3802 mulgeeee
462 3741 678 3808 credit,ne‚quia
692 3747 844 3810 qrrotidiauir
884 3751 999 3816 Augusto
1041 3750 1192 3804 factitatum
1233 3753 1409 3820 improbabat,

318 3815 443 3877 ejusmodi
455 3816 549 3866 oacnlie
568 3833 683 3869 meroem
699 3821 742 3870 ille
754 3835 843 3884 grava·
881 3841 973 3890 nempe
984 3835 1091 3890 propter
1108 3829 1250 3879 molestiam
1268 3837 1297 3880 et
1312 3832 1409 3894 impen-

317 3889 403 3974 ltetur,
423 3891 485 3941 eitio
503 3891 552 3956 ipai
571 3901 711 3960 verterent,
728 3896 795 3961 qnod
811 3897 843 3948 ab
880 3917 931 3953 ιιι.
973 3903 1039 3954 Utut
1054 3915 1107 3963 eet.
1130 3905 1264 3970 Principee
1286 3904 1342 3956 illoe
1363 3921 1408 3957 eno

317 3965 368 4012 attia
387 3965 533 4030 abstineret,
544 3976 588 4017 aut
599 3969 685 4031 potine
705 3977 733 4018 ut
752 3973 844 4036 majee-
881 3995 1008 4045 quemque
1027 3995 1098 4030 more
1115 3987 1213 4030 strenae
1233 3981 1364 4044 accepitne
1379 3987 1408 4030 et

318 4041 367 4088 teti
379 4054 433 4088 aue
452 4043 595 4093 contuitum
614 4052 691 4095 earet.
724 4045 843 4095 Valeriae
881 4054 1034 4118 reddidisse,
1049 4057 1172 4121 colligere
1191 4061 1232 4106 eet
1248 4071 1281 4105 ex
1300 4058 1407 4118 capet.

319 4112 387 4162 euim
397 4115 534 4180 Maximur,
544 4119 588 4168 lib.
599 4133 630 4169 rr.
641 4135 699 4184 cap.
712 4125 736 4170 1.
747 4123 771 4170 tn
783 4121 843 4184 tine,
882 4128 908 4179 in
920 4130 1045 4193 Caligula.

318 4189 367 4242 lrec
385 4193 485 4243 nomine
507 4211 580 4260 regee
600 4197 725 4249 Numidae
746 4200 841 4263 landet,
913 4203 1075 4268 ‘Meti-om]
1102 4203 1208 4255 ‘idonei
1230 4219 1320 4256 recum
1341 4205 1408 4256 auti·
