3216 4918
324 332 340 362 l

291 389 356 466 tut
517 389 521 396 ’
715 417 745 461 o.
770 413 951 463 sunrouu

291 561 356 626 nisi
383 577 554 638 concessu,
577 563 633 623 aut
657 557 856 622 necessaria.
899 555 1006 620 Trous
1032 543 1185 621 Rhenum
1208 573 1286 620 vero
1307 575 1381 621 enm

291 664 372 727 vitea
391 661 536 726 ordinem
563 657 679 736 tenuit,
701 662 740 721 ut
762 657 878 722 sedens
903 656 954 719 in³
981 659 1109 739 cespite
1131 659 1246 722 nudo¹³
1267 658 1381 722 eibum

291 769 432 847 caperet,
453 781 545 844 saepe
567 761 638 824 sine
659 758 798 824 tentorio
816 765 1035 839 pernoctaret,
1055 765 1227 841 praecepta
1241 777 1380 842 sequen·

290 866 336 929 tis
345 864 417 927 diei
431 863 554 938 omnin,
567 867 600 926 et
613 861 642 925 ei
657 859 739 944 quid
755 859 857 923 subiti
871 859 1013 922 muneris
1026 858 1263 943 injungendum
1278 869 1379 938 esset,

290 985 350 1048 per
362 963 494 1028 libellos
508 962 619 1041 daret3
647 959 764 1024 addita
784 959 976 1035 monitione,
996 963 1041 1034 ut,
1065 959 1108 1022 de
1129 977 1197 1042 quo
1218 960 1382 1042 quisque4

290 1065 468 1141 dubitaret,
490 1083 537 1141 se,
565 1081 627 1126 nee
651 1062 718 1125 alio
744 1061 946 1142 interprete,q
969 1077 1176 1143 quacumque
1197 1061 1251 1125 vel
1271 1062 1378 1125 noctis

289 1166 369 1230 bora
381 1173 536 1231 uteretur.
580 1161 662 1248 [lu]
677 1161 920 1244 Disciplinamr
933 1160 1090 1224 acerrime
1099 1161 1221 1242 exegit,
1231 1161 1379 1225 animad-

288 1268 479 1332 versionum
499 1273 533 1330 et
551 1263 803 1348 ignominiarum
817 1262 990 1345 generibus
1007 1281 1051 1326 ex
1066 1261 1263 1344 antiquitate
1283 1282 1379 1345 rope·

288 1357 373 1445 titis,
388 1374 489 1452 atque
503 1368 603 1432 etiam
618 1365 747 1448 Legata
760 1364 907 1447 legionis,
921 1362 1013 1446 qnod
1025 1380 1153 1445 paucos
1166 1363 1289 1428 milites
1301 1383 1378 1428 eum

287 1469 409 1534 liberto
423 1488 484 1534 suo
497 1474 589 1534 trans
602 1469 708 1549 ripam
727 1472 898 1530 venatum·
912 1464 1071 1541 misisset,
1092 1464 1292 1545 ignominiu⁵
1313 1483 1374 1527 uo-

285 1575 368 1634 tato.
412 1570 550 1646 Praelia,
566 1568 721 1653 quumvis
735 1567 905 1632 minimum
916 1565 1077 1630 fortume‘
1090 1565 1292 1648 casibusque
1302 1583 1376 1647 per-

288 1671 441 1756 mitteret,
456 1671 625 1756 aliquanto
640 1667 967 1743 constantiusinibet,
982 1667 1314 1750 quotieslacubrante
1328 1685 1377 1738 se,

744 1879 925 1908 semmam

288 2027 400 2076 lantibus
410 2026 514 2090 optimis
525 2041 556 2077 se
566 2029 681 2092 plurimis
692 2027 773 2080 Codd.
806 2029 928 2079 Ceterum
939 2028 1131 2088 emansores,
1141 2025 1210 2089 quod
1220 2026 1246 2075 iu
1262 2024 1325 2076 Cod.
1337 2040 1375 2074 re·

288 2093 357 2154 perit
369 2101 396 2141 et
407 2093 490 2157 utiquo
501 2091 576 2140 modo
586 2093 677 2156 probat
688 2093 804 2144 l'urneb.
816 2093 884 2143 Λᾶν.
894 2106 954 2144 xrv.
967 2097 1006 2142 ll.
1022 2092 1101 2141 lubet
1117 2091 1194 2141 etism
1206 2091 1303 2141 Medic.
1314 2094 1340 2139 2.
1354 2097 1378 2141 et

286 2169 374 2204 mess.
385 2157 462 2207 vind.
472 2159 544 2206 8.-8
561 2158 592 2205 1s
603 2156 677 2206 deest
687 2158 756 2206 Veu.
769 2162 792 2206 1.
824 2157 984 2220 Tumespere
1003 2155 1377 2218 calamaneumque

286 2219 391 2268 Mearm.
402 2219 501 2269 Media.
517 2225 541 2268 ³.
556 2221 634 2269 Polit.
666 2222 730 2270 Mox
743 2221 808 2270 lidd.
820 2222 909 2276 Grues,
927 2221 1009 2270 Gron.
1019 2219 1041 2268 si
1051 2220 1115 2283 quid,
1132 2221 1228 2272 omissa
1239 2219 1332 2278 copula
1342 2224 1376 2268 et.

286 2283 356 2345 Lips.
367 2296 424 2332 eum
433 2284 458 2332 iu
470 2283 534 2332 Eue.
546 2285 605 2344 Cuj.
616 2285 745 2334 invenerit
755 2285 847 2334 timoris
858 2299 906 2348 pro
917 2300 941 2333 s.
952 2285 969 2331 1.
978 2283 1023 2332 roi
1033 2283 1143 2344 munau,
1153 2283 1221 2346 conj.
1233 2288 1256 2331 et
1266 2283 1312 2330 sisi
1320 2282 1376 2358 quid

285 2347 337 2394 sud.
351 2347 502 2396 suasim-4
516 2348 629 2412 Quisquis
640 2349 723 2398 Peru.
733 2349 800 2396 Edd.
812 2349 885 2402 Rom.
918 2349 986 2397 item
1002 2363 1044 2396 nee
1059 2351 1121 2396 met.
1139 2347 1202 2396 dsnt
1213 2347 1276 2398 Eue.
1287 2347 1377 2408 Cup-

286 2415 301 2458 o
318 2411 478 2471 Ignominiam
487 2412 559 2465 Duu.
591 2413 655 2463 Mox
666 2411 756 2464 cestim
767 2414 875 2478 sineque
886 2413 952 2477 cop.
967 2411 1042 2463 Huls.
1054 2410 1120 2462 utt.
1130 2412 1205 2464 inat.
1216 2409 1275 2460 Am.
1285 2408 1375 2472 steph.

775 2607 883 2658 NOTAE

285 2729 323 2774 se,
335 2723 365 2766 ut
379 2717 417 2766 its
432 2716 534 2766 dicator
545 2716 713 2780 vehiculator,
721 2731 808 2782 quem·
849 2732 926 2782 quem
937 2732 994 2768 num
1006 2717 1087 2783 glotis
1101 2714 1209 2767 fundere
1226 2730 1273 2780 pro
1291 2717 1376 2780 putris

286 2791 422 2840 admodum
434 2793 604 2843 auriculator.
849 2795 994 2854 noluerunt,
1004 2809 1062 2842 eum
1075 2807 1132 2843 enm
1144 2792 1280 2855 ignominie
1300 2791 1375 2841 emit·

316 2873 328 2906 Ρ
347 2867 440 2928 Cespite
450 2868 523 2930 nudo]
543 2867 617 2916 More
630 2877 744 2918 veterum
756 2867 809 2916 Ro·
849 2876 953 2918 terent:
970 2884 1026 2933 quea
1035 2882 1106 2917 mens
1118 2873 1159 2916 est
1169 2867 1273 2919 Antonii
1285 2867 1373 2916 Mure·

284 2955 426 2990 msoornm.
461 2941 535 2992 Unde
555 2943 678 2993 norsum
696 2943 755 2994 Ode
769 2949 807 2994 15.
849 2943 869 2992 ti
881 2945 926 2994 lib.
938 2957 999 2994 xnr.
1010 2945 1146 2994 Veriurnm
1157 2945 1307 2994 Lectionum
1317 2957 1374 3006 esp.

283 3016 328 3066 lib.
340 3029 370 3066 ιι.
381 3018 430 3068 sevi
444 3018 484 3066 sui
494 3032 578 3067 mores
588 3025 680 3068 texens
697 3027 725 3068 et
742 3018 807 3066 snti-
848 3023 890 3068 2⁰.
922 3021 979 3070 Quo
991 3027 1075 3069 tsmeu
1084 3021 1267 3070 loeodirersus
1281 3020 1333 3070 ubit
1343 3020 1374 3069 sb

284 3091 486 3157 quoinquinent
494 3109 501 3138 ι
510 3095 517 3122 ‘
525 3107 574 3142 nou
583 3094 620 3143 ltu
629 3094 727 3143 Romuli
736 3095 808 3142 Prae·
848 3092 915 3144 Aulo
926 3093 1013 3143 Gellio
1023 3095 1067 3144 lib.
1079 3108 1106 3145 x.
1118 3109 1142 3146 c.
1154 3101 1179 3146 8.

282 3165 418 3229 seriptum,
437 3174 466 3216 et
485 3167 580 3217 intonsi
598 3167 808 3231 Catonisduspi·
877 3175 887 3200 ⁶
908 3167 1034 3231 Venatum]
1052 3169 1196 3234 ldquoqus
1215 3185 1248 3219 ex
1289 3171 1374 3233 agusti

283 3240 339 3299 eila,
358 3249 524 3306 veterumque
541 3241 646 3292 norme!
678 3243 713 3292 Et
731 3243 807 3305 perulo
846 3241 985 3305 discipline
1002 3241 1084 3293 inisse
1099 3243 1223 3295 evincunt
1240 3245 1301 3294 Meo
1316 3245 1323 3292 i
1331 3243 1374 3306 ju·

284 3321 360 3379 post:
377 3317 385 3344 ⁶
397 3319 455 3367 Nee
471 3318 605 3368 fortuitum
617 3331 740 3381 spernere
751 3332 806 3367 ees·
846 3316 991 3366 risedusnlti
1001 3317 1089 3382 verba,
1102 3333 1161 3382 quse
1171 3319 1322 3368 Torrentius
1335 3332 1373 3367 re-

283 3389 367 3452 pitum
379 3391 461 3455 Leges
470 3392 606 3454 sinebsnt,'
617 3395 666 3440 &a
700 3392 806 3457 Deque
846 3392 921 3440 tulit:
939 3392 1046 3442 ‘Debet
1062 3392 1106 3456 qui
1125 3394 1271 3442 meminerit
1287 3405 1314 3440 se
1331 3405 1372 3439 ur·

282 3473 311 3515 et
323 3466 479 3516 Plutarchus
489 3467 515 3515 ln
531 3467 639 3526 Catone,
649 3468 698 3516 dre.
845 3467 921 3516 rnetls
941 3480 1062 3530 praesse.
1079 3465 1226 3530 parcissime
1245 3477 1370 3514 commes-

322 3547 335 3580 ‘t
361 3539 503 3603 luterprste]
535 3539 576 3590 Ne
604 3539 660 3602 qnis
687 3539 807 3603 ambigue
847 3549 900 3591 tum
920 3541 991 3602 dure,
1012 3553 1105 3604 equum
1132 3540 1270 3590 militarem
1297 3546 1372 3591 estre

281 3615 686 3678 scripturaseipsnmexcusaret.
712 3615 807 3679 Hujus·
846 3617 1009 3667 Provinciam
1026 3615 1085 3665 duni
1104 3629 1154 3664 non
1173 3616 1322 3678 permittere
1339 3616 1373 3666 ud

280 3691 350 3741 modi
362 3698 493 3755 precepta
511 3689 613 3754 seriptis
627 3704 727 3754 quoque
746 3691 807 3742 dats
846 3707 911 3756 opus
930 3693 1066 3757 privatum,
1088 3697 1216 3752 reustum,
1235 3693 1372 3756 pisostum,

280 3766 360 3817 fuisse
371 3769 403 3817 ab
417 3765 482 3822 eliis,
501 3773 591 3816 suetor
608 3773 649 3816 est
667 3767 806 3817 Frontinus
844 3769 1010 3818 militemuon
1021 3769 1135 3818 mittere.
1167 3768 1234 3818 Nem
1250 3769 1277 3818 in
1294 3768 1372 3818 disei-

279 3841 327 3893 lib.
338 3841 371 3892 de
381 3841 594 3906 Aqnsedaetibus.
846 3842 917 3906 plina
928 3843 1037 3907 Augusti
1048 3844 1085 3892 its
1096 3842 1220 3892 neretum

313 3923 323 3950 ¹
337 3917 507 3982 Disciplinam]
517 3918 590 3969 idem
602 3919 635 3969 de
645 3917 764 3983 Augusto
780 3935 803 3970 e.
877 3920 1013 3976 ‘Qsmets
1023 3919 1145 3969 uriam
1153 3917 1274 3980 somma]
1299 3919 1371 3983 ldip·

280 3993 322 4041 Ν.
334 3993 377 4043 ubi
388 3997 466 4044 etiarn
476 3995 510 4044 de
521 3995 596 4045 variis
612 3997 805 4059 ignominiarum
844 4009 898 4043 sum
910 4009 970 4046 rere
981 3995 1133 4048 laudandum
1149 3993 1215 4045 mire
1232 4001 1370 4058 exaggeret

281 4067 427 4130 generibus,
437 4069 530 4133 qulbus
546 4069 649 4120 adderis
664 4084 736 4120 vena
748 4085 804 4122 see·
843 4069 959 4120 Velleius
970 4071 1014 4120 lib.
1026 4082 1058 4121 ιι.
1070 4085 1128 4135 esp.
1147 4075 1203 4120 lli.
1225 4077 1314 4134 utpote
1326 4069 1367 4120 eal

281 4140 392 4201 tloneum
402 4143 651 4208 ignominimqnippe
660 4158 738 4196 sauss
748 4160 805 4194 seu·
842 4150 871 4196 et
882 4145 938 4210 ipse
950 4145 1018 4198 bello
1028 4143 1266 4198 simulinteriuerit.

280 4219 804 4286 submittebstnrmtnempessngnluem,
