3228 4926
305 347 369 412 296
733 365 764 411 c.
789 359 967 410 suunourr

304 505 532 570 Alexuudsir‘i
558 504 736 569 novissime
765 525 838 582 suu,
861 500 1089 568 Dioscoridis'
1111 517 1211 564 manu
1232 496 1392 582 ιεοιιίρίιι,6

305 627 371 690 qua
381 607 510 686 signore
524 606 664 670 insecuti
680 625 812 690 quoque
828 604 1001 685 Principes
1016 606 1292 682 perseverarunt.⁷
1336 597 1391 661 Ad

304 705 473 790 epistolas·
487 723 604 769 omnes
625 704 779 769 horarum
800 722 935 786 qnoque
957 705 1135 776 momente,
1157 717 1218 762 nec
1240 699 1307 763 diei
1321 717 1392 762 mo-

305 807 360 883 do,
383 805 444 869 sed
472 811 504 870 et
528 806 648 882 noctis,
679 805 803 886 quibus
830 803 918 866 dasne
946 799 1215 882 significarentur,
1238 798 1392 863 addebat.

303 904 383 987 [51.]
406 904 599 969 Clementiae
615 903 872 986 ciuilitatisque·
894 901 967 983 ojus
984 900 1092 962 multe
1109 904 1142 963 et
1155 917 1276 979 magna
1290 898 1392 962 docu-

304 1012 416 1092 menta
435 1013 522 1069 sunt.
568 1004 645 1068 Ne8
671 1022 873 1078 enumerem,
899 1008 981 1084 quot
1001 1007 1034 1064 et
1055 1018 1143 1082 quos
1166 999 1393 1063 diversarum'

304 1106 457 1186 partium,
472 1105 571 1168 venia
587 1111 622 1168 et
636 1104 863 1169 incolumitate
879 1104 1032 1178 donatos,
1048 1099 1231 1182 prinoipem
1241 1099 1342 1162 etiam
1355 1101 1391 1162 iu

268 1207 272 1218 '
305 1205 438 1269 civitate
452 1205 561 1268 locum
577 1210 689 1269 tenere
704 1223 828 1287 passus
842 1205 905 1284 sit;
920 1203 944 1267 J
945 1203 1059 1266 unium
1072 1201 1251 1278 Neretum,
1262 1207 1297 1262 et
1307 1199 1398 1284 Cas-¹

304 1305 414 1367 sium⁹
436 1305 646 1380 Patauinum,
668 1324 687 1366 e
702 1305 796 1386 plebe
811 1303 972 1379 homines,
987 1303 1125 1365 alterum
1142 1298 1294 1382 pecunia,
1310 1298 1392 1362 elte-

304 1421 376 1467 rum
392 1403 496 1468 levi¹⁰
524 1405 625 1468 exilio
649 1406 765 1487 punire
789 1405 871 1468 satis
890 1404 1023 1467 hebuit:
1045 1420 1122 1464 oum
1135 1400 1191 1464 ille
1205 1399 1391 1482 Agrippae·¹

755 1597 801 1617 m
802 1597 936 1618 ΝΝΝΝΝ

304 1723 456 1773 Dioscuridis
467 1724 513 1773 Ed.
525 1727 616 1788 Cump.
640 1726 746 1774 Discoris
763 1727 879 1774 Heriem.
893 1726 958 1774 Ven.
973 1731 1005 1773 tr.
1018 1723 1089 1773 Med.
1102 1722 1185 1785 Lugii.
1197 1729 1223 1771 et
1233 1722 1315 1773 ul-d
1332 1723 1393 1770 Em.

305 1800 333 1833 re
353 1789 421 1836 osuit
436 1791 533 1849 nuptu,
550 1798 641 1838 contre
658 1790 734 1838 libros
751 1793 894 1838 omnen-i
913 1787 1261 1838 immurmurantem.
1276 1789 1300 1835 8.
1318 1786 1392 1833 Voss.

347 1851 372 1898 d.
381 1851 470 1900 (trev.
482 1853 542 1901 min.
555 1853 615 1900 Ern.
626 1853 686 1914 Bip.
698 1851 775 1900 Wolf.
788 1852 858 1902 Oud.
892 1852 922 1900 ln
937 1852 1041 1914 reliquis
1055 1855 1270 1913 perseuerauerunt.
1306 1849 1390 1898 Etiam

305 1913 379 1961 mmsis
388 1915 487 1964 Medic.
499 1919 572 1965 ³.—8
591 1917 633 1975 Et,
647 1931 676 1964 nc
693 1930 729 1963 en.
746 1914 843 1964 Medic.
862 1919 884 1962 Ι.
900 1920 925 1965 u.
943 1915 1020 1964 vind.
1039 1922 1145 1978 uterquc
1163 1914 1226 1976 Cup.
1237 1913 1314 1962 liuis.
1325 1912 1392 1961 Edd.

304 1976 380 2028 Jnnt.
391 1978 451 2028 rild.
461 1979 524 2040 Arg.
536 1980 624 2042 steph.
637 1980 704 2040 quod
715 1993 764 2028 non
776 1979 989 2028 contemnendum
998 1978 1069 2028 Oud.
1081 1978 1192 2026 videtur.
1210 1977 1240 2026 ln
1251 1975 1391 2038 orsStcplr.

304 2055 431 2092 secenum.
444 2057 511 2090 msn.
524 2042 611 2091 docts.
644 2043 727 2091 Psnlo
739 2043 800 2091 unte
810 2043 910 2103 ciusdem
922 2044 994 2092 Cort.
1007 2049 1032 2090 et
1046 2041 1112 2090 Edd.
1124 2043 1199 2090 Rom.
1223 2041 1293 2090 Dein
1305 2045 1360 2102 quot
1369 2045 1394 2088 ct

304 2119 362 2166 quus
373 2105 451 2154 vind.
464 2109 537 2155 1.-9
554 2106 664 2170 Caprium
674 2107 734 2156 Pin.
754 2108 851 2156 Casium
860 2107 927 2155 Ven.
940 2110 1028 2156 1.-1u
1039 2105 1088 2154 Vir
1099 2104 1190 2155 doctus
1202 2104 1272 2170 epud
1284 2102 1392 2153 Csssuis.

793 2266 902 2318 Nom

336 2371 348 2403 ‘³
365 2362 508 2426 Alexandri]
528 2361 568 2412 An
584 2369 693 2426 propter
708 2365 827 2428 majesta·
868 2363 983 2413 meminit
1003 2361 1102 2412 Plinius
1119 2361 1164 2410 lils.
1181 2359 1271 2410 ultimo
1287 2373 1310 2407 c.
1325 2363 1348 2407 l.
1365 2363 1393 2407 et

305 2444 368 2497 tem,
387 2450 418 2484 sn
433 2437 511 2486 etissn
526 2450 558 2486 ce
573 2439 754 2500 superstitione
765 2438 828 2488 duc·
868 2437 1074 2488 ‘Dioscorides’
1101 2436 1211 2485 dicitur:
1237 2433 1326 2496 legunt
1348 2432 1391 2480 elii

304 2518 354 2566 tus,
369 2510 401 2559 de
419 2524 468 2574 qus
484 2512 627 2561 Trebellius
641 2513 725 2562 Pollio
739 2512 784 2562 lib.
794 2513 828 2562 de
868 2514 1026 2562 Dioscuridis.
1048 2513 1170 2575 sculptor
1178 2509 1228 2558 snit
1236 2521 1391 2572 gemmarum

304 2591 344 2635 itti.
355 2585 472 2649 tyrannis
482 2601 506 2636 c.
521 2591 558 2636 lt.
578 2587 619 2637 ubi
637 2587 700 2636 dicit
718 2589 828 2637 Macris·
868 2588 976 2638 srtifieic
987 2587 1148 2650 precellens.

303 2675 393 2710 norum
403 2659 532 2722 familiam,
545 2661 611 2710 viros
623 2669 650 2710 et
661 2663 790 2724 mulieres,
800 2663 827 2711 in
899 2671 908 2696 ⁸
921 2655 1110 2725 'Cicititmisquei
1126 2658 1244 2710 civilitas
1253 2665 1296 2706 cst
1306 2669 1393 2720 esque·

304 2736 371 2784 omui
386 2743 593 2785 ornamentorum
603 2749 698 2798 genere
710 2737 828 2797 exsculp·
866 2739 926 2788 iitrs
936 2739 1018 2788 civilis
1026 2739 1102 2802 juris,
1117 2738 1181 2798 sire,
1194 2744 1222 2785 nt
1232 2736 1269 2784 rit
1278 2735 1392 2784 Velleius

305 2815 357 2858 tem
374 2823 436 2859 suro
452 2811 494 2858 vel
519 2819 629 2873 urgento
644 2811 732 2861 tulisse
747 2810 827 2860 Alex·
867 2814 955 2864 illurn
973 2827 1031 2876 cup.
1046 2817 1070 2862 7.
1090 2812 1173 2862 civilis
1192 2809 1323 2871 dignitatis
1338 2823 1391 2858 mo·

303 2883 378 2932 sudri
398 2885 548 2934 Mucedonis
569 2886 715 2948 imsginem,
738 2886 825 2951 ‘quod
867 2888 924 2950 dus,
943 2895 971 2938 et
990 2887 1100 2938 incivilis
1119 2886 1164 2951 qui
1183 2887 1252 2935 huuc
1271 2885 1393 2947 excessit,

303 2959 421 3021 idcirco,'
437 2960 529 3023 inquit,
546 2962 553 2988 ‘
566 2961 648 3024 posui,
663 2962 723 3025 quis
737 2962 825 3011 dicun·
866 2980 917 3028 quo
927 2978 1002 3013 sensu
1014 2965 1134 3013 Lucanus
1148 2961 1180 3010 de
1191 2961 1280 3012 iulio:
1305 2960 1392 3010 ‘Cou-

304 3043 347 3086 tur
369 3035 455 3098 jrrrsri
484 3035 509 3083 in
537 3036 605 3085 omni
627 3045 686 3085 cetu
708 3051 762 3096 suo,
783 3036 826 3100 qui
865 3054 939 3110 cesse
951 3040 1031 3104 pudet
1042 3039 1138 3097 irevie,
1150 3037 1285 3100 civemque
1295 3035 1394 3086 videri!

302 3111 479 3160 Alexandrum
491 3125 640 3174 expressum
652 3111 693 3160 vei
702 3125 763 3160 euro
772 3125 827 3174 ges·
867 3115 898 3164 ln
907 3116 961 3165 tui.
973 3131 997 3164 r.
1006 3119 1048 3163 ⁷5.
1058 3121 1112 3164 toto
1124 3115 1172 3162 hoc
1183 3112 1269 3176 cupite
1279 3111 1393 3175 Augusti

302 3186 389 3242 titani,
401 3187 441 3236 vel
454 3187 579 3249 urgento!
611 3188 689 3237 Certe
705 3187 772 3237 hunc
789 3187 827 3235 in·
870 3191 976 3253 exponit
991 3189 1154 3238 clementium
1165 3185 1311 3246 Suetonius,
1321 3186 1343 3235 si
1355 3195 1393 3232 ts·

303 3271 344 3311 ter
356 3263 462 3312 Grecos
479 3263 552 3312 multi
568 3264 675 3312 numinis
692 3263 774 3313 instar
786 3277 828 3312 ve·
869 3280 927 3314 men
941 3265 1102 3316 clementium
1117 3263 1197 3319 dicus,
1208 3276 1283 3326 quarn
1293 3261 1394 3310 Seneca

302 3337 387 3385 neroti
405 3345 475 3385 sunt.
508 3337 730 3387 Circumferebunt
742 3346 828 3388 nutem
868 3340 912 3391 lib.
924 3355 943 3390 r.
953 3341 985 3389 dc
995 3339 1137 3390 Clementis
1148 3353 1171 3388 c.
1181 3343 1220 3387 il.
1232 3338 1324 3385 lessam
1335 3349 1393 3383 cru·

302 3425 353 3461 non
374 3426 431 3460 raro
452 3412 507 3473 rjus
530 3413 580 3460 Dei
602 3415 828 3474 simulachr·um,s
868 3417 1002 3466 delirutem
1030 3415 1180 3478 appellunt.
1221 3409 1287 3458 Vide
1314 3422 1393 3471 srrprs

303 3501 353 3550 qno
367 3487 452 3549 jursri
464 3499 491 3534 sc
504 3495 633 3548 pisturenr,
646 3494 674 3535 ut
691 3487 724 3535 de
739 3487 828 3537 Ascle·
868 3506 924 3554 cup.
935 3496 973 3540 it.
986 3492 1135 3540 civilitatem
1148 3502 1208 3538 vero
1220 3485 1252 3534 sd
1263 3485 1339 3533 tinem
1350 3487 1392 3532 to.

303 3561 381 3625 piade
405 3561 562 3622 Philoroplro
584 3561 663 3610 refert
684 3563 828 3611 Ammianus
867 3580 938 3615 more
958 3580 1013 3624 stro,
1032 3567 1133 3629 qrsoties
1151 3563 1217 3612 enim
1237 3568 1326 3624 partes
1342 3561 1394 3610 hoc

301 3635 348 3686 lib.
359 3649 430 3686 xxrr.
449 3635 534 3684 ‘Dcae
552 3637 663 3686 coelestls
678 3645 828 3700 argenteum
867 3639 944 3690 modo
956 3640 1136 3703 conjunctione
1148 3637 1286 3702 expressit,
1304 3634 1348 3684 ires
1361 3635 1394 3684 si·

302 3712 381 3762 breve
403 3711 551 3774 figmentum
580 3726 740 3776 quocumque
762 3713 827 3777 ibet,
868 3714 973 3778 gillotius
987 3715 1132 3777 exequitur,
1148 3723 1177 3762 ut
1190 3714 1247 3776 jem
1261 3725 1338 3775 cupre
1349 3724 1393 3760 no-

302 3802 390 3838 secum
401 3789 502 3836 solitum
515 3785 624 3837 efferre!
657 3790 692 3838 Et
703 3789 828 3851 deseipso
868 3797 949 3838 turrim
962 3797 1009 3836 est.

301 3865 428 3928 Apuleius
441 3863 465 3912 in
477 3861 606 3925 Apologia
618 3864 699 3913 simile
710 3864 772 3927 quid
790 3865 827 3913 iu·
900 3865 907 3895 ²
925 3863 988 3918 Qus
999 3869 1023 3912 et
1034 3877 1089 3926 quos
1100 3860 1257 3924 diuersurum]
1276 3859 1333 3910 Hoc
1352 3867 1394 3910 est

301 3940 367 4000 nuit,
383 3938 487 3986 ‘isslmit
503 3935 630 4000 Apuleius
646 3940 764 4001 quaedsur
780 3939 827 3987 liu·
867 3940 1031 3989 adversarum
1044 3939 1163 4001 portium,
1173 3943 1202 3987 ut
1214 3951 1293 4000 supr·
1304 3939 1330 3986 iu
1339 3936 1392 3988 lul.

303 4012 370 4060 teoto
393 4011 596 4068 iuvolrrtu,'&c.
639 4011 714 4062 erod
735 4013 827 4078 mugitu
867 4018 957 4078 erp-l.
985 4011 1393 4076 Senecsibidcmcrp.1⁰.‘si

302 4085 500 4147 suspicabantur
511 4086 565 4149 ejus
576 4095 747 4138 eecusstores.
858 4092 917 4139 'non
928 4089 1068 4152 ignovisset
1078 4088 1171 4152 quibus
1182 4086 1351 4150 imperasset?

335 4163 344 4190 ⁸
371 4158 520 4224 Dioscuridis
548 4161 706 4225 [Disccridis]
741 4161 826 4227 Hujus
898 4161 1054 4228 umine]
1066 4162 1177 4227 Augusti
1189 4175 1271 4226 nepos
1282 4168 1348 4218 eret,
1359 4157 1392 4210 de
