3216 4918
300 377 365 442 ⁴151
725 389 757 436 c.
780 385 961 435 sunnonn

300 552 406 599 causa
426 537 498 595 erat
521 535 626 595 metus
648 530 795 613 undique
822 528 1061 592 imminentium
1084 525 1331 590 discriminum:
1353 533 1390 591 nt

301 655 406 718 saepe,
419 633 555 715 ‘lupum
568 651 605 695 se
619 633 756 697 auribus
765 638 786 666 ¹²²
801 628 930 707 tenere,’
946 629 1082 693 diceret.
1126 627 1161 690 N
1163 647 1216 690 am
1228 634 1263 692 et
1273 647 1388 692 servus

300 737 473 817 Agrippae,
489 732 642 796 Clemens
657 734 801 808 nomine,
815 751 880 796 non
894 727 1190 796 contemnendam⁶
1206 748 1340 792 manum
1355 729 1389 792 in

300 837 458 901 ultionem
485 834 610 898 domini
633 840 861 916 compararat:
882 838 914 894 et
928 831 968 895 L.
984 831 1175 896 Scribonius
1202 829 1314 906 Libo,1¹
1338 831 1390 892 vir

300 938 437 1014 nobilis,
451 955 503 1000 res
518 955 624 999 novas
640 935 725 999 clam
740 935 960 998 moliebatur:
983 939 1017 995 et
1031 931 1156 1014 duplex
1168 930 1288 994 seditio
1305 930 1389 995 mili-

300 1046 380 1116 tum,
396 1039 431 1102 in
450 1036 584 1120 Illyrico
608 1043 644 1100 at
664 1037 698 1098 in
717 1035 909 1112 Germania,
925 1043 1043 1098 exorta
1066 1041 1129 1098 est.
1174 1032 1388 1112 Flagitubant

300 1141 399 1204 ambo
411 1139 578 1203 exercitus
593 1137 695 1202 multu
706 1145 803 1200 extra
818 1136 965 1200 ordinem
979 1157 986 1195 z
999 1139 1073 1197 ante
1089 1134 1211 1211 omnia,
1227 1139 1264 1197 ut
1275 1153 1386 1216 aequa-

299 1247 406 1305 rcntnr
438 1237 603 1322 stipendio
648 1237 864 1319 praetorianis.
918 1233 1163 1298 Germaniciani
1177 1241 1191 1268 ⁰
1221 1233 1386 1316 quidem⁷

755 1429 940 1452 'mmo‘

301 1567 369 1616 Dnu.
402 1563 468 1612 'i'nm
487 1577 540 1612 aar.
555 1575 579 1611 ae
597 1568 644 1611 ten.
657 1562 736 1612 Vind.
749 1568 772 1612 Ι.
795 1566 898 1613 retinere
908 1561 984 1612 Vind.
994 1565 1067 1611 2.-b
1085 1560 1257 1608 Continendarn
1266 1559 1340 1608 Vana.
1360 1567 1389 1610 et

302 1629 479 1681 infremunt
490 1625 566 1674 Vind.
578 1631 601 1674 a.
620 1627 692 1676 Cart.
712 1629 778 1676 Edd.
792 1629 913 1678 nom-r
932 1628 1007 1676 Hanc
1018 1627 1080 1674 lect.
1093 1625 1140 1674 Ed.
1152 1624 1241 1687 Stepb.
1253 1625 1388 1686 probatam

301 1693 408 1744 Cneaub.
418 1691 505 1740 Graev.
519 1690 586 1738 Oud.
603 1691 692 1738 Bnrm.
712 1700 739 1740 et
751 1693 784 1741 al.
795 1691 946 1741 confirmant
956 1692 1064 1740 Tornac.
1077 1689 1153 1736 Vind.
1166 1693 1189 1736 1.
1223 1689 1307 1736 Etiam
1320 1689 1387 1736 Pra-

300 1757 400 1806 tariunia
412 1754 588 1802 Germaniciani
606 1769 637 1801 ex
655 1753 719 1804 Cod.
739 1770 783 1804 nno
801 1757 916 1818 praetulit
927 1756 1051 1804 Glarean.
1062 1761 1187 1816 aequente
1198 1751 1259 1800 did.
1272 1753 1387 1815 aliinque,

301 1819 482 1870 accedentibus
492 1817 596 1864 Memm.
610 1818 678 1867 Dan.
710 1819 734 1867 ui
746 1820 824 1868 etiam
836 1835 892 1868 carm
902 1819 969 1868 End.
981 1819 1103 1866 exhibant
1113 1817 1214 1878 puidam,
1226 1823 1253 1864 ct
1266 1817 1290 1863 in
1301 1817 1386 1865 multis

300 1882 465 1941 dintinguitur
484 1888 542 1942 pont
563 1881 646 1929 Germ.
708 1883 786 1932 abent
803 1884 940 1946 pretoriani
959 1882 1148 1930 Gennanicianr'a
1167 1880 1252 1927 Paria.
1272 1879 1386 1928 Heriem.

301 1949 366 2011 Cop.
376 1945 442 1996 Edd.
454 1945 529 1994 Rom.
542 1945 604 1994 ch.
617 1946 689 1997 Junt.
707 1947 768 1997 Bar.
783 1957 810 1997 et
826 1948 901 1997 Vetr.
918 1947 983 2000 nliae,
998 1945 1150 2010 prenniano
1168 1945 1305 1993 Gemanici
1323 1945 1385 1994 Cod.

789 2120 894 2171 NOTAE

301 2237 483 2294 accrrpnnerat.
516 2232 584 2282 Huc
597 2233 674 2282 verbu
689 2233 826 2283 tribuenda
863 2232 947 2283 beriun
958 2234 1133 2296 occidijunnit,
1143 2247 1201 2297 cap.
1212 2237 1253 2282 22.
1271 2229 1387 2293 Pompeii

302 2306 423 2356 ridentur
434 2309 518 2370 atiani,
530 2308 572 2373 qni
587 2309 613 2357 id
630 2309 714 2372 iprum
726 2323 775 2359 uon
787 2317 825 2358 nt·
863 2321 999 2373 pronepos.
1019 2309 1088 2358 Hinc
1106 2308 1182 2358 animi
1197 2308 1267 2356 niati.
1284 2308 1324 2356 De
1336 2318 1387 2368 qno

301 2383 432 2434 tenderet.
861 2385 966 2436 'facitne
997 2399 1029 2434 rr.
1058 2385 1205 2446 Annalium,
1232 2389 1259 2432 ct
1288 2383 1386 2430 Seneca

333 2465 350 2491 '³
367 2459 459 2521 Lupum
469 2475 494 2509 ne
507 2459 673 2523 marmanda]
689 2461 825 2511 Proverbi·
862 2458 946 2522 Epiri.
956 2464 996 2510 70.
1007 2461 1089 2523 plura.

302 2547 344 2581 um
356 2532 388 2581 nb
399 2533 514 2582 animalia
525 2535 601 2597 nnjm
617 2543 708 2584 natrrrn
719 2543 746 2584 et
758 2535 825 2586 faro·
893 2542 905 2566 ⁰
922 2534 1109 2597 Germaniciani]
1129 2531 1235 2595 vulgati
1254 2529 1386 2593 tegebant,

302 2608 360 2668 cin
384 2621 440 2656 cum
453 2610 520 2656 enim
532 2612 618 2673 eapite
631 2612 766 2673 plurimum
784 2625 825 2660 nn·
863 2612 1052 2662 Germaniciania
1062 2610 1214 2662 Proetoriuua'·
1231 2609 1386 2658 Mniercou·

300 2683 364 2746 icat,
376 2681 460 2745 ueqde
476 2697 548 2732 aaran
566 2685 621 2747 ejua
631 2684 670 2733 ian
680 2687 762 2748 tangue
772 2686 825 2735 aiot
862 2695 915 2736 atat
924 2689 990 2736 euim
1002 2689 1127 2752 potiorem
1138 2687 1225 2736 barum
1236 2685 1316 2734 suinae
1327 2697 1387 2734 cou-

301 2757 373 2806 ntiiu
390 2755 468 2806 facilc
485 2759 589 2808 retineri
607 2760 825 2825 pouit,uudiqne
862 2761 1001 2825 ditionam3
1026 2764 1122 2827 majora
1139 2759 1385 2828 qnippeetipendin,

302 2832 442 2894 periculum
463 2833 578 2883 imminet
597 2835 732 2886 bacilium
752 2846 825 2900 parte
861 2845 890 2886 et
911 2839 1034 2889 maturior
1055 2839 1140 2888 mineio
1162 2836 1335 2900 competebat,
1356 2841 1387 2882 nt

302 2906 523 2970 apprehendenti;
549 2917 645 2960 tautam
664 2912 768 2962 enimin
788 2913 826 2962 di·
862 2911 930 2962 infra
946 2915 972 2962 in
990 2913 1077 2966 Gniba
1095 2929 1153 2978 cap.
1172 2918 1212 2962 2⁰.
1230 2921 1257 2960 et
1273 2910 1323 2959 Dio
1338 2909 1385 2959 lib.

301 2982 429 3032 mittendo
441 2983 591 3048 paricidam,
607 2996 702 3050 quantu
720 2989 745 3036 iu
763 2990 825 3038 reti·
861 3003 917 3039 mv.
928 2991 1092 3040 Cananbounn
1099 2998 1213 3040 veterem
1221 2985 1384 3049 Robstepir.

302 3059 387 3110 nenda
398 3057 542 3110 difficnrrn.
559 3063 694 3112 Terentina
706 3065 732 3112 iu
744 3064 824 3114 Phor·
862 3072 965 3115 aecntua
987 3065 1135 3122 editionem,
1159 3066 1196 3113 nic
1217 3062 1386 3126 interpunpit‚

302 3136 386 3184 minue
404 3134 464 3185 Act.
483 3149 525 3185 nr.
539 3129 620 3187 ficem
632 3143 658 3188 2.
674 3151 712 3188 vr.
731 3143 771 3188 al.
792 3141 825 3190 dc
861 3146 889 3190 at
913 3147 1063 3205 cameratae
1088 3141 1202 3205 stipendia
1226 3137 1387 3203 preconem.

301 3210 466 3261 adclamante
496 3213 521 3260 in
543 3215 673 3276 angariatae
703 3213 823 3265 reducto:
863 3216 1040 3266 Germaniciani
1057 3218 1150 3281 quidem
1161 3217 1233 3265 etiarn
1249 3215 1386 3277 Principem

301 3293 307 3314 ¹
318 3285 395 3334 immo
406 3285 473 3349 quod
485 3287 566 3350 aiunt,
577 3287 689 3338 Auribus
700 3296 776 3340 tuneo
786 3292 824 3340 lu·
860 3293 1029 3343 detrectabunt.
1046 3295 1082 3343 Ut
1090 3293 1125 3341 nit
1133 3307 1232 3354 aennon,
1242 3291 1385 3340 exercitum

301 3375 379 3424 pum:
404 3362 470 3411 Nam
485 3378 567 3428 neque
583 3379 634 3428 quo
644 3367 745 3415 mittam
757 3381 772 3416 a
784 3383 825 3417 mc
861 3375 998 3431 utromque
1006 3366 1240 3432 petiitaeatipendii
1249 3377 1306 3414 cum
1318 3379 1384 3426 pen·

302 3437 413 3500 invenio,
423 3440 673 3502 uequcutretiueanr
684 3441 755 3492 acio?
772 3442 824 3493 Ubi
863 3441 966 3490 toriunia
974 3441 1157 3506 aequalitatem,
1163 3455 1194 3488 nc
1201 3437 1383 3487 Germanicum

302 3511 824 3580 Graecumproverbinmcnpreaaitprcpa
860 3511 1384 3580 iueuperexercitumdetrectuae'liberii

302 3585 466 3635 adverbum:
483 3591 530 3636 eain
551 3591 617 3636 bear
631 3587 823 3650 ixaeieadnar·
860 3589 1002 3654 imperinm.
1035 3591 1110 3643 Quod
1138 3597 1165 3639 ct
1193 3589 1309 3638 renituit
1336 3589 1384 3637 boc

301 3659 488 3723 ‘’fflitfflsffl
504 3661 595 3724 ΨΜ
605 3663 711 3727 divum,
721 3665 824 3716 amna
860 3667 935 3715 ruodo
949 3667 1106 3726 Torrentiun,
1123 3670 1151 3715 et
1169 3663 1274 3714 veritati
1291 3677 1385 3713 convc-

302 3743 368 3787 ienen
379 3740 517 3801 liuprammo
530 3741 633 3790 retinere
642 3755 684 3791 nee
693 3742 823 3806 relinquere
860 3742 909 3804 nit,
921 3749 949 3792 nt
966 3750 1039 3806 patet
1050 3757 1083 3792 en
1094 3755 1151 3804 cap.
1164 3747 1186 3792 l.
1206 3740 1263 3788 iibri
1275 3754 1384 3804 aequaeu-

299 3828 399 3875 Wm·
861 3816 903 3873 tia,
915 3825 943 3866 ct
959 3832 990 3866 cx
1006 3818 1096 3867 Tacito
1116 3829 1150 3866 rr.
1169 3815 1261 3865 Annei.
1280 3813 1323 3863 nbi
1340 3829 1384 3862 no-

333 3895 345 3922 ²¹
361 3889 498 3938 Scribonius
508 3889 579 3954 Liba]
590 3889 676 3954 Hojm
686 3891 765 3942 amita
773 3891 824 3943 fuit
860 3892 940 3941 tanda
951 3907 1040 3942 nocrrm
1051 3891 1199 3941 Germanici
1212 3898 1238 3939 et
1249 3889 1383 3939 Germani·

300 3961 433 4014 Scribonia
444 3964 555 4028 Augusti
566 3967 670 4029 conjnx,
680 3967 758 4020 Jniiae
770 3983 823 4018 ma·
860 3966 926 4016 ciani
946 3965 1107 4016 differentia:
1135 3965 1178 4029 qui
1198 3965 1222 4013 in
1242 3962 1384 4013 Germania

301 4041 350 4098 rer,
360 4045 388 4088 ut
400 4046 473 4101 patet
482 4053 515 4088 cx
527 4053 583 4102 cap.
594 4043 634 4091 bi.
647 4048 673 4091 et
684 4045 725 4092 68.
737 4042 762 4092 in
772 4043 824 4092 Au·
860 4050 934 4093 crant
950 4043 1081 4092 exercitur
1098 4041 1218 4100 Romani,
1234 4039 1251 4087 ii
1267 4035 1386 4088 diceban·
1467 4067 1471 4074 -

301 4117 529 4176 pannoniarum
549 4117 605 4166 caii
622 4125 649 4167 at
668 4119 739 4168 Lucii
757 4120 824 4180 enin,
860 4125 902 4168 tur
912 4119 1042 4168 exercitur
1053 4116 1211 4175 Germanici,
1223 4126 1309 4162 eorum
1322 4126 1384 4161 nem

301 4187 521 4253 ntetAgrippae:
540 4190 768 4259 Parthumi,qucm
779 4195 823 4244 Ti·
859 4195 1019 4248 exercituum
1054 4193 1148 4244 militen
1184 4188 1384 4241 Germnuicinni.
