3120 4926
387 365 436 412 nn
463 363 550 412 vrri
579 359 623 412 nn
647 363 815 412 sceleris
841 364 1032 414 sunnouu.
1214 351 1256 412 15

159 513 311 572 recenset
325 505 471 572 Snides:
495 506 548 571 De
563 506 758 572 Graecorum
773 507 901 574 lusibus
917 510 1035 574 librum
1051 531 1150 576 unum
1167 530 1175 574 :
1202 510 1255 576 Dc

159 607 389 698 Romanorum
419 609 653 674 certaminibus
677 619 713 674 ct
742 611 943 695 spectaculis
967 611 1072 676 duos:
1096 611 1150 677 Do
1166 629 1256 678 anno

160 709 318 774 Romano
332 729 453 774 unum:
477 710 531 775 Dc
553 711 644 774 notis
669 729 791 775 unum:
816 712 869 776 De
898 711 1089 795 Republica
1118 713 1252 781 Cicero·

157 814 270 889 niune,
292 819 408 876 contra
431 810 625 894 Didymum,
655 829 779 875 unum:
811 812 864 876 De
885 814 1075 879 nominibus
1100 818 1256 900 propriis,

158 916 273 997 deque
293 913 435 978 vestium
456 913 650 995 generibus:
677 911 733 977 De
754 913 919 978 ominosis
941 917 1077 982 verbis:
1101 917 1153 981 De
1174 920 1255 982 urbe

158 1015 273 1080 Rome
287 1019 320 1079 et
333 1013 406 1099 ejus
419 1014 579 1077 institutis
594 1013 824 1096 moribusque,
838 1013 942 1076 libros
961 1012 1066 1082 duos:
1089 1015 1141 1081 De
1156 1027 1256 1084 stem·

156 1118 306 1181 metibus
328 1115 507 1180 illustrium
530 1111 769 1178 Romanorum.
814 1111 970 1177 (litentur
995 1117 1079 1182 ethi
1102 1117 1255 1186 Suetonii

157 1217 251 1283 libri:
278 1219 331 1282 De
356 1217 510 1299 Regibus
534 1222 613 1292 tres,
628 1215 672 1278 ab
686 1211 863 1295 Ausoni03
887 1214 942 1280 Dc
957 1218 1166 1285 institutione
1184 1221 1255 1285 offi-

158 1320 299 1396 ciorum,
316 1339 337 1384 e
352 1317 549 1396 Priscieno;
572 1325 609 1380 et
631 1313 674 1381 ab
698 1315 815 1380 codem
833 1315 887 1381 De
902 1315 1106 1384 Praetoribus
1120 1320 1255 1405 plnres:

156 1439 235 1483 narn
251 1421 354 1484 etism
369 1425 526 1484 octavum
542 1417 673 1499 allegat.
705 1416 938 1482 Attribnnotur
952 1417 1087 1502 insuper
1098 1419 1254 1486 Suetonio

156 1521 247 1598 libri,
264 1522 316 1586 De
330 1521 522 1604 triumphis:
547 1520 599 1586 De
612 1517 747 1582 Poetis:
763 1517 817 1583 De
833 1517 925 1582 vitiis
938 1519 1183 1604 corporalibus:
1200 1521 1254 1587 De

156 1624 258 1688 rebus
284 1623 397 1686 variis.
442 1620 510 1685 Sed
536 1628 574 1687 ut
589 1619 657 1684 dno
677 1621 879 1704 posteriores
894 1639 915 1684 a
929 1619 1018 1685 futili
1032 1628 1159 1686 tantum
1176 1640 1255 1686 enc-

156 1731 233 1788 tore
245 1723 362 1787 Servio
375 1723 530 1799 citantur,
544 1723 592 1786 ite
605 1722 659 1787 De
669 1721 876 1786 institutione
886 1721 1083 1799 officiorum,
1093 1727 1130 1786 et
1139 1723 1256 1788 trium-

156 1825 247 1908 phis,
262 1845 281 1886 e
294 1825 388 1890 libris
405 1824 457 1887 De
468 1825 550 1888 urbe
563 1823 675 1889 Roma
688 1823 834 1886 fortasse
847 1822 941 1905 petiti
964 1824 1053 1900 sint3
1075 1829 1178 1906 etque
1202 1823 1255 1888 De

158 1925 280 1990 Poetis
291 1923 521 2008 comprehensi
536 1923 655 1988 inerint
668 1923 792 1988 libellis
807 1921 860 1987 De
875 1921 1110 1988 Grammaticis
1122 1921 1255 1988 etRbe·

157 2027 299 2103 toribus,
322 2030 387 2091 &cr
411 2045 549 2109 quornm
576 2025 732 2108 quodam
759 2025 934 2088 habemns.
976 2022 1089 2087 Alium
1119 2043 1254 2107 quoqne

158 2128 354 2193 Suetonium
381 2127 463 2192 citet
483 2125 670 2210 Vopiscus,
692 2125 792 2189 etiem
820 2123 1041 2199 Historicum,
1060 2122 1120 2187 sed
1135 2141 1255 2206 cogno·
1290 2191 1294 2198 ,

157 2231 269 2292 mento
294 2225 500 2291 Octavium:
523 2225 597 2310 ejus
621 2225 701 2290 nibil
723 2230 847 2288 exstat.
891 2221 1020 2288 Verum
1036 2242 1111 2288 cum
1131 2225 1255 2290 mentio

157 2327 303 2410 Vopisci
316 2325 406 2392 lecta
421 2327 475 2403 eit,
497 2326 592 2390 lubet
606 2326 680 2390 bec
695 2323 907 2390 collectaneo
921 2324 1030 2407 ipsine
1045 2323 1087 2388 de
1102 2323 1168 2389 hoc
1177 2343 1255 2390 nos-

157 2439 210 2494 tro
226 2428 421 2494 testimonio
436 2425 538 2491 linire.
565 2423 678 2492 Vocet
692 2427 793 2509 igitur
807 2424 1115 2490 emendatissimum
1129 2435 1163 2491 ct
1175 2445 1254 2493 cen·

50 2611 53 2618 ⁴
155 2529 368 2596 didiscimum
382 2528 589 2612 scriptorm
635 2526 713 2605 Quo
724 2527 836 2610 elogio
851 2527 961 2591 omnia
975 2524 1073 2591 dixit.
