<?xml version="1.0" encoding="UTF-8"?>
<!DOCTYPE html PUBLIC "-//W3C//DTD XHTML 1.0 Transitional//EN"
    "http://www.w3.org/TR/xhtml1/DTD/xhtml1-transitional.dtd">
<html xmlns="http://www.w3.org/1999/xhtml" xml:lang="en" lang="en">
 <head>
  <title>
</title>
<meta http-equiv="Content-Type" content="text/html;charset=utf-8" />
  <meta name='ocr-system' content='tesseract 3.04.00' />
  <meta name='ocr-capabilities' content='ocr_page ocr_carea ocr_par ocr_line ocrx_word'/>
</head>
<body>
  <div class='ocr_page' id='page_1' title='image "./operaomniaexedi02suetgoog/operaomniaexedi02suetgoog_0503.png"; bbox 0 0 3216 4918; ppageno 0'>
   <div class='ocr_carea' id='block_1_1' title="bbox 305 383 971 456">
    <p class='ocr_par' dir='ltr' id='par_1_1' title="bbox 305 383 971 456">
     <span class='ocr_line' id='line_1_1' title="bbox 305 383 971 456; baseline -0.002 -11"><span class='ocrx_word' id='word_1_1' title='bbox 305 383 372 448; x_wconf 80' lang='lat' dir='ltr'><strong>sto</strong></span> <span class='ocrx_word' id='word_1_2' title='bbox 642 443 648 456; x_wconf 86' lang='grc'><em>,</em></span> <span class='ocrx_word' id='word_1_3' title='bbox 734 398 765 446; x_wconf 91' lang='lat' dir='ltr'><strong>c.</strong></span> <span class='ocrx_word' id='word_1_4' title='bbox 789 395 971 446; x_wconf 80' lang='lat' dir='ltr'><strong>euarortrr</strong></span> 
     </span>
    </p>
   </div>
   <div class='ocr_carea' id='block_1_2' title="bbox 301 536 1397 1531">
    <p class='ocr_par' dir='ltr' id='par_1_2' title="bbox 301 536 1397 1531">
     <span class='ocr_line' id='line_1_2' title="bbox 306 536 1396 622; baseline 0 -18"><span class='ocrx_word' id='word_1_5' title='bbox 306 543 349 604; x_wconf 87' lang='lat' dir='ltr'><strong>ab</strong></span> <span class='ocrx_word' id='word_1_6' title='bbox 364 543 516 622; x_wconf 83' lang='lat' dir='ltr'><strong>Augusto</strong></span> <span class='ocrx_word' id='word_1_7' title='bbox 534 539 634 603; x_wconf 80' lang='lat' dir='ltr'><strong>simul</strong></span> <span class='ocrx_word' id='word_1_8' title='bbox 655 557 729 602; x_wconf 91' lang='lat' dir='ltr'><strong>cum</strong></span> <span class='ocrx_word' id='word_1_9' title='bbox 750 537 849 602; x_wconf 88' lang='lat' dir='ltr'><strong>fratre</strong></span> <span class='ocrx_word' id='word_1_10' title='bbox 866 557 981 602; x_wconf 91' lang='lat' dir='ltr'><strong>eornm</strong></span> <span class='ocrx_word' id='word_1_11' title='bbox 995 538 1046 602; x_wconf 88' lang='grc' dir='ltr'><strong>Μ.</strong></span> <span class='ocrx_word' id='word_1_12' title='bbox 1062 536 1234 622; x_wconf 78' lang='lat' dir='ltr'><strong>Agrippa3</strong></span> <span class='ocrx_word' id='word_1_13' title='bbox 1258 546 1396 606; x_wconf 79' lang='lat' dir='ltr'><strong>coactus</strong></span> 
     </span>
     <span class='ocr_line' id='line_1_3' title="bbox 304 638 1395 732; baseline 0 -26"><span class='ocrx_word' id='word_1_14' title='bbox 304 645 397 728; x_wconf 90' lang='lat' dir='ltr'><strong>prius</strong></span> <span class='ocrx_word' id='word_1_15' title='bbox 412 643 495 724; x_wconf 86' lang='lat' dir='ltr'><strong>ipse,</strong></span> <span class='ocrx_word' id='word_1_16' title='bbox 511 640 757 732; x_wconf 53' lang='lat' dir='ltr'><strong>Germanicum,</strong></span> <span class='ocrx_word' id='word_1_17' title='bbox 773 638 879 702; x_wconf 86' lang='lat' dir='ltr'><strong>fratris</strong></span> <span class='ocrx_word' id='word_1_18' title='bbox 895 641 971 702; x_wconf 64' lang='grc' dir='ltr'><strong>οιιίθ</strong></span> <span class='ocrx_word' id='word_1_19' title='bbox 992 638 1109 714; x_wconf 89' lang='lat' dir='ltr'><strong>filium,</strong></span> <span class='ocrx_word' id='word_1_20' title='bbox 1124 639 1295 722; x_wconf 89' lang='lat' dir='ltr'><strong>adoptare.</strong></span> <span class='ocrx_word' id='word_1_21' title='bbox 1321 643 1395 706; x_wconf 92' lang='lat' dir='ltr'><strong>Nec</strong></span> 
     </span>
     <span class='ocr_line' id='line_1_4' title="bbox 305 739 1396 827; baseline -0.001 -20"><span class='ocrx_word' id='word_1_22' title='bbox 305 745 482 827; x_wconf 87' lang='lat' dir='ltr'><strong>quiequam</strong></span> <span class='ocrx_word' id='word_1_23' title='bbox 510 746 629 825; x_wconf 84' lang='lat' dir='ltr'><strong>postea</strong></span> <span class='ocrx_word' id='word_1_24' title='bbox 658 760 718 825; x_wconf 89' lang='lat' dir='ltr'><strong>pro</strong></span> <span class='ocrx_word' id='word_1_25' title='bbox 748 739 987 822; x_wconf 79' lang='lat' dir='ltr'><strong>patrefamilias</strong></span> <span class='ocrx_word' id='word_1_26' title='bbox 1011 740 1091 821; x_wconf 84' lang='lat' dir='ltr'><strong>egit,</strong></span> <span class='ocrx_word' id='word_1_27' title='bbox 1116 748 1176 805; x_wconf 89' lang='lat' dir='ltr'><strong>aut</strong></span> <span class='ocrx_word' id='word_1_28' title='bbox 1200 741 1271 822; x_wconf 85' lang='lat' dir='ltr'><strong>jus,</strong></span> <span class='ocrx_word' id='word_1_29' title='bbox 1303 743 1396 824; x_wconf 88' lang='lat' dir='ltr'><strong>quod</strong></span> 
     </span>
     <span class='ocr_line' id='line_1_5' title="bbox 305 840 1396 927; baseline 0 -21"><span class='ocrx_word' id='word_1_30' title='bbox 305 840 536 925; x_wconf 79' lang='lat' dir='ltr'><strong>[adoptione]5</strong></span> <span class='ocrx_word' id='word_1_31' title='bbox 559 843 787 920; x_wconf 76' lang='lat' dir='ltr'><strong>amiserat,²ex</strong></span> <span class='ocrx_word' id='word_1_32' title='bbox 803 843 871 906; x_wconf 88' lang='lat' dir='ltr'><strong>ulla</strong></span> <span class='ocrx_word' id='word_1_33' title='bbox 885 849 981 924; x_wconf 89' lang='lat' dir='ltr'><strong>parte</strong></span> <span class='ocrx_word' id='word_1_34' title='bbox 997 842 1144 906; x_wconf 81' lang='lat' dir='ltr'><strong>retinuit.</strong></span> <span class='ocrx_word' id='word_1_35' title='bbox 1189 841 1396 927; x_wconf 88' lang='lat' dir='ltr'><strong>Namneque</strong></span> 
     </span>
     <span class='ocr_line' id='line_1_6' title="bbox 305 941 1397 1026; baseline 0.001 -20"><span class='ocrx_word' id='word_1_36' title='bbox 305 945 452 1020; x_wconf 87' lang='lat' dir='ltr'><strong>donavit,</strong></span> <span class='ocrx_word' id='word_1_37' title='bbox 473 963 584 1026; x_wconf 87' lang='lat' dir='ltr'><strong>neque</strong></span> <span class='ocrx_word' id='word_1_38' title='bbox 612 944 818 1008; x_wconf 77' lang='lat' dir='ltr'><strong>manumisit:</strong></span> <span class='ocrx_word' id='word_1_39' title='bbox 840 963 880 1007; x_wconf 90' lang='lat' dir='ltr'><strong>no</strong></span> <span class='ocrx_word' id='word_1_40' title='bbox 894 941 917 1000; x_wconf 83' lang='lat'><strong>⁶.</strong></span> <span class='ocrx_word' id='word_1_41' title='bbox 931 943 1152 1007; x_wconf 72' lang='lat' dir='ltr'><strong>haereditatem</strong></span> <span class='ocrx_word' id='word_1_42' title='bbox 1171 942 1314 1026; x_wconf 88' lang='lat' dir='ltr'><strong>quidem,</strong></span> <span class='ocrx_word' id='word_1_43' title='bbox 1336 952 1397 1008; x_wconf 87' lang='lat' dir='ltr'><strong>aut</strong></span> 
     </span>
     <span class='ocr_line' id='line_1_7' title="bbox 305 1031 1394 1127; baseline -0.001 -18"><span class='ocrx_word' id='word_1_44' title='bbox 305 1031 413 1126; x_wconf 86' lang='lat' dir='ltr'><strong>legata</strong></span> <span class='ocrx_word' id='word_1_45' title='bbox 440 1046 590 1127; x_wconf 82' lang='lat' dir='ltr'><strong>percepit</strong></span> <span class='ocrx_word' id='word_1_46' title='bbox 621 1044 690 1108; x_wconf 84' lang='lat' dir='ltr'><strong>ulla</strong></span> <span class='ocrx_word' id='word_1_47' title='bbox 718 1045 822 1118; x_wconf 89' lang='lat' dir='ltr'><strong>aliter,</strong></span> <span class='ocrx_word' id='word_1_48' title='bbox 852 1063 952 1126; x_wconf 89' lang='lat' dir='ltr'><strong>quam</strong></span> <span class='ocrx_word' id='word_1_49' title='bbox 980 1049 1038 1107; x_wconf 88' lang='lat' dir='ltr'><strong>ut⁷</strong></span> <span class='ocrx_word' id='word_1_50' title='bbox 1074 1043 1226 1126; x_wconf 82' lang='lat' dir='ltr'><strong>peculiou</strong></span> <span class='ocrx_word' id='word_1_51' title='bbox 1255 1043 1394 1108; x_wconf 79' lang='lat' dir='ltr'><strong>referret</strong></span> 
     </span>
     <span class='ocr_line' id='line_1_8' title="bbox 306 1144 1397 1228; baseline -0.001 -19"><span class='ocrx_word' id='word_1_52' title='bbox 306 1153 471 1228; x_wconf 72' lang='lat' dir='ltr'><strong>accepta.v</strong></span> <span class='ocrx_word' id='word_1_53' title='bbox 515 1145 608 1209; x_wconf 93' lang='lat' dir='ltr'><strong>Nihil</strong></span> <span class='ocrx_word' id='word_1_54' title='bbox 622 1165 665 1208; x_wconf 87' lang='lat' dir='ltr'><strong>ex</strong></span> <span class='ocrx_word' id='word_1_55' title='bbox 689 1165 729 1208; x_wconf 88' lang='lat' dir='ltr'><strong>eo</strong></span> <span class='ocrx_word' id='word_1_56' title='bbox 749 1153 896 1228; x_wconf 88' lang='lat' dir='ltr'><strong>tempore</strong></span> <span class='ocrx_word' id='word_1_57' title='bbox 910 1146 1172 1228; x_wconf 86' lang='lat' dir='ltr'><strong>praetermissum</strong></span> <span class='ocrx_word' id='word_1_58' title='bbox 1186 1148 1237 1208; x_wconf 82' lang='lat' dir='ltr'><strong>cst</strong></span> <span class='ocrx_word' id='word_1_59' title='bbox 1257 1144 1301 1208; x_wconf 89' lang='lat' dir='ltr'><strong>ad</strong></span> <span class='ocrx_word' id='word_1_60' title='bbox 1326 1161 1397 1208; x_wconf 87' lang='lat' dir='ltr'><strong>ma·</strong></span> 
     </span>
     <span class='ocr_line' id='line_1_9' title="bbox 301 1243 1393 1330; baseline -0.002 -21"><span class='ocrx_word' id='word_1_61' title='bbox 301 1247 458 1329; x_wconf 88' lang='lat' dir='ltr'><strong>jestatem</strong></span> <span class='ocrx_word' id='word_1_62' title='bbox 468 1247 540 1330; x_wconf 87' lang='lat' dir='ltr'><strong>ejus</strong></span> <span class='ocrx_word' id='word_1_63' title='bbox 556 1246 751 1326; x_wconf 84' lang='lat' dir='ltr'><strong>augendam,</strong></span> <span class='ocrx_word' id='word_1_64' title='bbox 767 1263 806 1308; x_wconf 91' lang='lat' dir='ltr'><strong>ac</strong></span> <span class='ocrx_word' id='word_1_65' title='bbox 822 1246 1056 1327; x_wconf 83' lang='lat' dir='ltr'><strong>multomagis,</strong></span> <span class='ocrx_word' id='word_1_66' title='bbox 1073 1251 1259 1328; x_wconf 84' lang='lat' dir='ltr'><strong>postquam,</strong></span> <span class='ocrx_word' id='word_1_67' title='bbox 1273 1243 1393 1328; x_wconf 81' lang='lat' dir='ltr'><strong>Agrip·</strong></span> 
     </span>
     <span class='ocr_line' id='line_1_10' title="bbox 307 1345 1396 1428; baseline -0.001 -18"><span class='ocrx_word' id='word_1_68' title='bbox 307 1367 352 1428; x_wconf 89' lang='lat' dir='ltr'><strong>pa</strong></span> <span class='ocrx_word' id='word_1_69' title='bbox 368 1345 550 1410; x_wconf 75' lang='lat' dir='ltr'><strong>abdicatow</strong></span> <span class='ocrx_word' id='word_1_70' title='bbox 574 1354 677 1428; x_wconf 90' lang='lat' dir='ltr'><strong>atque</strong></span> <span class='ocrx_word' id='word_1_71' title='bbox 697 1345 859 1428; x_wconf 85' lang='lat' dir='ltr'><strong>seposito,</strong></span> <span class='ocrx_word' id='word_1_72' title='bbox 877 1350 1000 1410; x_wconf 89' lang='lat' dir='ltr'><strong>certum</strong></span> <span class='ocrx_word' id='word_1_73' title='bbox 1021 1353 1103 1423; x_wconf 82' lang='lat' dir='ltr'><strong>erat,</strong></span> <span class='ocrx_word' id='word_1_74' title='bbox 1119 1347 1176 1409; x_wconf 90' lang='lat' dir='ltr'><strong>uni</strong></span> <span class='ocrx_word' id='word_1_75' title='bbox 1200 1363 1295 1426; x_wconf 84' lang='lat' dir='ltr'><strong>spem</strong></span> <span class='ocrx_word' id='word_1_76' title='bbox 1320 1363 1396 1409; x_wconf 86' lang='lat' dir='ltr'><strong>suc·</strong></span> 
     </span>
     <span class='ocr_line' id='line_1_11' title="bbox 308 1445 1395 1531; baseline -0.001 -21"><span class='ocrx_word' id='word_1_77' title='bbox 308 1447 471 1510; x_wconf 81' lang='lat' dir='ltr'><strong>cessionis</strong></span> <span class='ocrx_word' id='word_1_78' title='bbox 493 1447 692 1511; x_wconf 85' lang='lat' dir='ltr'><strong>incumbere.</strong></span> <span class='ocrx_word' id='word_1_79' title='bbox 736 1445 820 1529; x_wconf 76' lang='lat' dir='ltr'><strong>[lu]</strong></span> <span class='ocrx_word' id='word_1_80' title='bbox 843 1445 934 1510; x_wconf 86' lang='lat' dir='ltr'><strong>Data</strong></span> <span class='ocrx_word' id='word_1_81' title='bbox 955 1465 1068 1511; x_wconf 86' lang='lat' dir='ltr'><strong>rursus</strong></span> <span class='ocrx_word' id='word_1_82' title='bbox 1090 1453 1238 1531; x_wconf 84' lang='lat' dir='ltr'><strong>potestas</strong></span> <span class='ocrx_word' id='word_1_83' title='bbox 1254 1445 1395 1512; x_wconf 90' lang='lat' dir='ltr'><strong>tribuni·</strong></span> 
     </span>
    </p>
   </div>
   <div class='ocr_carea' id='block_1_3' title="bbox 768 1622 949 1644">
    <p class='ocr_par' dir='ltr' id='par_1_3' title="bbox 768 1622 949 1644">
     <span class='ocr_line' id='line_1_12' title="bbox 768 1622 949 1644; baseline -0.006 -1"><span class='ocrx_word' id='word_1_84' title='bbox 768 1622 949 1644; x_wconf 55' lang='lat' dir='ltr'><strong>mium</strong></span> 
     </span>
    </p>
   </div>
   <div class='ocr_carea' id='block_1_4' title="bbox 306 1737 1397 2122">
    <p class='ocr_par' dir='ltr' id='par_1_4' title="bbox 306 1737 1397 2122">
     <span class='ocr_line' id='line_1_13' title="bbox 307 1737 1395 1802; baseline 0 -16"><span class='ocrx_word' id='word_1_85' title='bbox 307 1739 364 1786; x_wconf 88' lang='lat' dir='ltr'><strong>loco</strong></span> <span class='ocrx_word' id='word_1_86' title='bbox 376 1738 444 1800; x_wconf 80' lang='lat' dir='ltr'><strong>Aug.</strong></span> <span class='ocrx_word' id='word_1_87' title='bbox 456 1752 478 1786; x_wconf 90' lang='grc' dir='ltr'><strong>ο.</strong></span> <span class='ocrx_word' id='word_1_88' title='bbox 489 1743 529 1788; x_wconf 77' lang='lat' dir='ltr'><strong>bb.</strong></span> <span class='ocrx_word' id='word_1_89' title='bbox 541 1752 615 1802; x_wconf 82' lang='lat' dir='ltr'><strong>quern</strong></span> <span class='ocrx_word' id='word_1_90' title='bbox 629 1738 696 1794; x_wconf 82' lang='lat' dir='ltr'><strong>side,</strong></span> <span class='ocrx_word' id='word_1_91' title='bbox 713 1737 857 1799; x_wconf 82' lang='lat' dir='ltr'><strong>corrigend.</strong></span> <span class='ocrx_word' id='word_1_92' title='bbox 875 1737 978 1800; x_wconf 83' lang='lat' dir='ltr'><strong>putarit</strong></span> <span class='ocrx_word' id='word_1_93' title='bbox 988 1739 1053 1786; x_wconf 84' lang='lat' dir='ltr'><strong>istra</strong></span> <span class='ocrx_word' id='word_1_94' title='bbox 1063 1737 1191 1798; x_wconf 69' lang='lat' dir='ltr'><strong>timreinai,</strong></span> <span class='ocrx_word' id='word_1_95' title='bbox 1207 1737 1301 1786; x_wconf 85' lang='lat' dir='ltr'><strong>nullior</strong></span> <span class='ocrx_word' id='word_1_96' title='bbox 1310 1743 1395 1786; x_wconf 83' lang='lat' dir='ltr'><strong>tamen</strong></span> 
     </span>
     <span class='ocr_line' id='line_1_14' title="bbox 307 1801 1395 1864; baseline 0.001 -15"><span class='ocrx_word' id='word_1_97' title='bbox 307 1801 372 1850; x_wconf 88' lang='lat' dir='ltr'><strong>Cod.</strong></span> <span class='ocrx_word' id='word_1_98' title='bbox 385 1815 433 1864; x_wconf 81' lang='lat' dir='ltr'><strong>ope</strong></span> <span class='ocrx_word' id='word_1_99' title='bbox 445 1803 605 1863; x_wconf 64' lang='lat' dir='ltr'><strong>adjutae-5</strong></span> <span class='ocrx_word' id='word_1_100' title='bbox 627 1804 682 1850; x_wconf 87' lang='lat' dir='ltr'><strong>Non</strong></span> <span class='ocrx_word' id='word_1_101' title='bbox 694 1810 825 1864; x_wconf 86' lang='lat' dir='ltr'><strong>comparet</strong></span> <span class='ocrx_word' id='word_1_102' title='bbox 838 1804 891 1850; x_wconf 80' lang='lat' dir='ltr'><strong>iraec</strong></span> <span class='ocrx_word' id='word_1_103' title='bbox 903 1817 952 1851; x_wconf 83' lang='lat' dir='ltr'><strong>uox</strong></span> <span class='ocrx_word' id='word_1_104' title='bbox 964 1803 989 1850; x_wconf 92' lang='lat' dir='ltr'><strong>in</strong></span> <span class='ocrx_word' id='word_1_105' title='bbox 1004 1803 1110 1850; x_wconf 87' lang='lat' dir='ltr'><strong>Memru.</strong></span> <span class='ocrx_word' id='word_1_106' title='bbox 1122 1811 1181 1850; x_wconf 88' lang='lat' dir='ltr'><strong>ntro</strong></span> <span class='ocrx_word' id='word_1_107' title='bbox 1200 1816 1232 1850; x_wconf 87' lang='lat' dir='ltr'><strong>ne</strong></span> <span class='ocrx_word' id='word_1_108' title='bbox 1243 1802 1328 1850; x_wconf 86' lang='lat' dir='ltr'><strong>Pulm.</strong></span> <span class='ocrx_word' id='word_1_109' title='bbox 1339 1803 1395 1850; x_wconf 85' lang='lat' dir='ltr'><strong>ble-</strong></span> 
     </span>
     <span class='ocr_line' id='line_1_15' title="bbox 306 1865 1397 1929; baseline 0.002 -17"><span class='ocrx_word' id='word_1_110' title='bbox 306 1865 357 1912; x_wconf 87' lang='lat' dir='ltr'><strong>dic.</strong></span> <span class='ocrx_word' id='word_1_111' title='bbox 366 1869 390 1913; x_wconf 75' lang='lat'><strong>2.</strong></span> <span class='ocrx_word' id='word_1_112' title='bbox 400 1870 424 1914; x_wconf 77' lang='lat'><strong>8.</strong></span> <span class='ocrx_word' id='word_1_113' title='bbox 438 1866 512 1913; x_wconf 82' lang='lat' dir='ltr'><strong>vind.</strong></span> <span class='ocrx_word' id='word_1_114' title='bbox 524 1873 610 1928; x_wconf 83' lang='lat' dir='ltr'><strong>utroq.</strong></span> <span class='ocrx_word' id='word_1_115' title='bbox 622 1867 695 1915; x_wconf 81' lang='lat' dir='ltr'><strong>Voss.</strong></span> <span class='ocrx_word' id='word_1_116' title='bbox 706 1865 778 1915; x_wconf 90' lang='lat' dir='ltr'><strong>Cort.</strong></span> <span class='ocrx_word' id='word_1_117' title='bbox 795 1865 904 1926; x_wconf 77' lang='lat' dir='ltr'><strong>Lougoi.</strong></span> <span class='ocrx_word' id='word_1_118' title='bbox 924 1867 1003 1914; x_wconf 82' lang='lat' dir='ltr'><strong>Foue.</strong></span> <span class='ocrx_word' id='word_1_119' title='bbox 1019 1867 1088 1914; x_wconf 87' lang='lat' dir='ltr'><strong>Dnn.</strong></span> <span class='ocrx_word' id='word_1_120' title='bbox 1107 1865 1173 1914; x_wconf 87' lang='lat' dir='ltr'><strong>Edd.</strong></span> <span class='ocrx_word' id='word_1_121' title='bbox 1209 1879 1259 1915; x_wconf 84' lang='lat' dir='ltr'><strong>ont.</strong></span> <span class='ocrx_word' id='word_1_122' title='bbox 1270 1865 1338 1914; x_wconf 84' lang='lat' dir='ltr'><strong>unde</strong></span> <span class='ocrx_word' id='word_1_123' title='bbox 1350 1879 1397 1929; x_wconf 85' lang='lat' dir='ltr'><strong>pre</strong></span> 
     </span>
     <span class='ocr_line' id='line_1_16' title="bbox 307 1929 1397 1994; baseline 0.004 -19"><span class='ocrx_word' id='word_1_124' title='bbox 307 1929 460 1990; x_wconf 71' lang='lat' dir='ltr'><strong>glossemate</strong></span> <span class='ocrx_word' id='word_1_125' title='bbox 472 1929 548 1979; x_wconf 81' lang='lat' dir='ltr'><strong>babet</strong></span> <span class='ocrx_word' id='word_1_126' title='bbox 560 1931 629 1980; x_wconf 88' lang='lat' dir='ltr'><strong>Oud.</strong></span> <span class='ocrx_word' id='word_1_127' title='bbox 642 1941 668 1978; x_wconf 83' lang='lat' dir='ltr'><strong>et</strong></span> <span class='ocrx_word' id='word_1_128' title='bbox 681 1931 751 1978; x_wconf 88' lang='lat' dir='ltr'><strong>nucia</strong></span> <span class='ocrx_word' id='word_1_129' title='bbox 763 1929 866 1978; x_wconf 83' lang='lat' dir='ltr'><strong>inclusit</strong></span> <span class='ocrx_word' id='word_1_130' title='bbox 876 1929 953 1980; x_wconf 84' lang='lat' dir='ltr'><strong>Wolf.</strong></span> <span class='ocrx_word' id='word_1_131' title='bbox 965 1945 1039 1994; x_wconf 86' lang='lat' dir='ltr'><strong>quern</strong></span> <span class='ocrx_word' id='word_1_132' title='bbox 1050 1931 1166 1993; x_wconf 82' lang='lat' dir='ltr'><strong>sequitur</strong></span> <span class='ocrx_word' id='word_1_133' title='bbox 1181 1929 1339 1992; x_wconf 55' lang='lat' dir='ltr'><strong>Banasa-tt</strong></span> <span class='ocrx_word' id='word_1_134' title='bbox 1353 1930 1397 1979; x_wconf 83' lang='lat' dir='ltr'><strong>Sic</strong></span> 
     </span>
     <span class='ocr_line' id='line_1_17' title="bbox 306 1992 1396 2068; baseline 0.002 -28"><span class='ocrx_word' id='word_1_135' title='bbox 306 1992 333 2040; x_wconf 90' lang='lat' dir='ltr'><strong>in</strong></span> <span class='ocrx_word' id='word_1_136' title='bbox 344 1992 377 2042; x_wconf 90' lang='lat'><strong>0.</strong></span> <span class='ocrx_word' id='word_1_137' title='bbox 387 1993 452 2043; x_wconf 83' lang='lat' dir='ltr'><strong>Mae.</strong></span> <span class='ocrx_word' id='word_1_138' title='bbox 462 2003 489 2042; x_wconf 91' lang='lat' dir='ltr'><strong>et</strong></span> <span class='ocrx_word' id='word_1_139' title='bbox 501 1994 567 2042; x_wconf 84' lang='lat' dir='ltr'><strong>Edd.</strong></span> <span class='ocrx_word' id='word_1_140' title='bbox 579 2001 638 2042; x_wconf 87' lang='lat' dir='ltr'><strong>ante</strong></span> <span class='ocrx_word' id='word_1_141' title='bbox 651 1995 738 2042; x_wconf 88' lang='lat' dir='ltr'><strong>Plant.</strong></span> <span class='ocrx_word' id='word_1_142' title='bbox 750 1993 859 2042; x_wconf 79' lang='lat' dir='ltr'><strong>casaub·</strong></span> <span class='ocrx_word' id='word_1_143' title='bbox 867 2005 938 2068; x_wconf 79' lang='lat' dir='ltr'><strong>seqq.</strong></span> <span class='ocrx_word' id='word_1_144' title='bbox 950 1993 977 2043; x_wconf 91' lang='lat' dir='ltr'><strong>in</strong></span> <span class='ocrx_word' id='word_1_145' title='bbox 988 1994 1079 2056; x_wconf 85' lang='lat' dir='ltr'><strong>quibus</strong></span> <span class='ocrx_word' id='word_1_146' title='bbox 1089 2009 1139 2044; x_wconf 77' lang='lat' dir='ltr'><strong>rtet.</strong></span> <span class='ocrx_word' id='word_1_147' title='bbox 1167 1992 1259 2042; x_wconf 83' lang='lat' dir='ltr'><strong>Edidit</strong></span> <span class='ocrx_word' id='word_1_148' title='bbox 1268 2008 1340 2054; x_wconf 76' lang='lat' dir='ltr'><strong>neque</strong></span> <span class='ocrx_word' id='word_1_149' title='bbox 1350 2008 1396 2042; x_wconf 85' lang='lat' dir='ltr'><strong>suo</strong></span> 
     </span>
     <span class='ocr_line' id='line_1_18' title="bbox 307 2057 1396 2122; baseline 0.003 -18"><span class='ocrx_word' id='word_1_150' title='bbox 307 2070 378 2106; x_wconf 88' lang='lat' dir='ltr'><strong>more</strong></span> <span class='ocrx_word' id='word_1_151' title='bbox 388 2057 512 2108; x_wconf 73' lang='lat' dir='ltr'><strong>&#39;l&#39;orr-—t</strong></span> <span class='ocrx_word' id='word_1_152' title='bbox 523 2059 553 2107; x_wconf 85' lang='lat' dir='ltr'><strong>ln</strong></span> <span class='ocrx_word' id='word_1_153' title='bbox 562 2073 612 2122; x_wconf 82' lang='lat' dir='ltr'><strong>pec.</strong></span> <span class='ocrx_word' id='word_1_154' title='bbox 624 2057 703 2107; x_wconf 79' lang='lat' dir='ltr'><strong>vind.</strong></span> <span class='ocrx_word' id='word_1_155' title='bbox 714 2062 738 2106; x_wconf 78' lang='lat'><strong>2.</strong></span> <span class='ocrx_word' id='word_1_156' title='bbox 751 2058 823 2107; x_wconf 90' lang='lat' dir='ltr'><strong>Cort.</strong></span> <span class='ocrx_word' id='word_1_157' title='bbox 834 2065 862 2107; x_wconf 92' lang='lat' dir='ltr'><strong>et</strong></span> <span class='ocrx_word' id='word_1_158' title='bbox 872 2058 938 2107; x_wconf 89' lang='lat' dir='ltr'><strong>intra</strong></span> <span class='ocrx_word' id='word_1_159' title='bbox 948 2059 1047 2122; x_wconf 80' lang='lat' dir='ltr'><strong>speciem</strong></span> <span class='ocrx_word' id='word_1_160' title='bbox 1057 2058 1134 2108; x_wconf 86' lang='lat' dir='ltr'><strong>solita</strong></span> <span class='ocrx_word' id='word_1_161' title='bbox 1145 2057 1287 2108; x_wconf 84' lang='lat' dir='ltr'><strong>variatione</strong></span> <span class='ocrx_word' id='word_1_162' title='bbox 1299 2058 1396 2108; x_wconf 85' lang='lat' dir='ltr'><strong>Medic.</strong></span> 
     </span>
    </p>
   </div>
   <div class='ocr_carea' id='block_1_5' title="bbox 799 2217 906 2270">
    <p class='ocr_par' dir='ltr' id='par_1_5' title="bbox 799 2217 906 2270">
     <span class='ocr_line' id='line_1_19' title="bbox 799 2217 906 2270; baseline 0 -1"><span class='ocrx_word' id='word_1_163' title='bbox 799 2217 906 2270; x_wconf 77' lang='lat' dir='ltr'>NOTAE</span> 
     </span>
    </p>
   </div>
   <div class='ocr_carea' id='block_1_6' title="bbox 308 2331 1401 4279">
    <p class='ocr_par' dir='ltr' id='par_1_6' title="bbox 308 2331 1401 4279">
     <span class='ocr_line' id='line_1_20' title="bbox 309 2331 1395 2396; baseline 0 -16"><span class='ocrx_word' id='word_1_164' title='bbox 309 2332 341 2381; x_wconf 88' lang='lat' dir='ltr'><strong>de</strong></span> <span class='ocrx_word' id='word_1_165' title='bbox 353 2347 402 2380; x_wconf 86' lang='lat' dir='ltr'><strong>non</strong></span> <span class='ocrx_word' id='word_1_166' title='bbox 415 2332 544 2382; x_wconf 88' lang='lat' dir='ltr'><strong>immerito</strong></span> <span class='ocrx_word' id='word_1_167' title='bbox 554 2333 669 2396; x_wconf 82' lang='lat' dir='ltr'><strong>explicat</strong></span> <span class='ocrx_word' id='word_1_168' title='bbox 680 2333 713 2382; x_wconf 84' lang='lat' dir='ltr'><strong>de</strong></span> <span class='ocrx_word' id='word_1_169' title='bbox 723 2332 833 2383; x_wconf 87' lang='lat' dir='ltr'><strong>triennio</strong></span> <span class='ocrx_word' id='word_1_170' title='bbox 869 2331 947 2381; x_wconf 87' lang='lat' dir='ltr'><strong>certis</strong></span> <span class='ocrx_word' id='word_1_171' title='bbox 970 2331 1119 2396; x_wconf 86' lang='lat' dir='ltr'><strong>quibusdam</strong></span> <span class='ocrx_word' id='word_1_172' title='bbox 1142 2331 1235 2396; x_wconf 88' lang='lat' dir='ltr'><strong>modis,</strong></span> <span class='ocrx_word' id='word_1_173' title='bbox 1252 2332 1286 2382; x_wconf 87' lang='lat' dir='ltr'><strong>de</strong></span> <span class='ocrx_word' id='word_1_174' title='bbox 1303 2332 1395 2396; x_wconf 84' lang='lat' dir='ltr'><strong>quibus</strong></span> 
     </span>
     <span class='ocr_line' id='line_1_21' title="bbox 310 2405 1397 2472; baseline 0 -16"><span class='ocrx_word' id='word_1_175' title='bbox 310 2408 435 2456; x_wconf 82' lang='lat' dir='ltr'><strong>s&#39;l’iberii</strong></span> <span class='ocrx_word' id='word_1_176' title='bbox 446 2409 531 2457; x_wconf 86' lang='lat' dir='ltr'><strong>reditu</strong></span> <span class='ocrx_word' id='word_1_177' title='bbox 542 2409 574 2457; x_wconf 82' lang='lat' dir='ltr'><strong>ad</strong></span> <span class='ocrx_word' id='word_1_178' title='bbox 589 2410 702 2472; x_wconf 82' lang='lat' dir='ltr'><strong>ipaoruru</strong></span> <span class='ocrx_word' id='word_1_179' title='bbox 713 2419 833 2471; x_wconf 85' lang='lat' dir='ltr'><strong>mortem,</strong></span> <span class='ocrx_word' id='word_1_180' title='bbox 868 2405 923 2457; x_wconf 87' lang='lat' dir='ltr'><strong>fuse</strong></span> <span class='ocrx_word' id='word_1_181' title='bbox 936 2408 1118 2472; x_wconf 84' lang='lat' dir='ltr'><strong>jureconsulti,</strong></span> <span class='ocrx_word' id='word_1_182' title='bbox 1133 2407 1293 2472; x_wconf 73' lang='lat' dir='ltr'><strong>acquirebat,</strong></span> <span class='ocrx_word' id='word_1_183' title='bbox 1312 2421 1344 2457; x_wconf 83' lang='lat' dir='ltr'><strong>ea</strong></span> <span class='ocrx_word' id='word_1_184' title='bbox 1365 2407 1397 2456; x_wconf 87' lang='lat' dir='ltr'><strong>fi·</strong></span> 
     </span>
     <span class='ocr_line' id='line_1_22' title="bbox 308 2481 1398 2546; baseline 0.002 -16"><span class='ocrx_word' id='word_1_185' title='bbox 308 2483 833 2545; x_wconf 75' lang='lat' dir='ltr'><strong>nouantemqurasiCainsetLucinaCae·</strong></span> <span class='ocrx_word' id='word_1_186' title='bbox 870 2481 898 2533; x_wconf 92' lang='lat' dir='ltr'><strong>lii</strong></span> <span class='ocrx_word' id='word_1_187' title='bbox 927 2483 1054 2546; x_wconf 83' lang='lat' dir='ltr'><strong>peculium</strong></span> <span class='ocrx_word' id='word_1_188' title='bbox 1076 2483 1241 2544; x_wconf 83' lang='lat' dir='ltr'><strong>dicebantnr;</strong></span> <span class='ocrx_word' id='word_1_189' title='bbox 1269 2482 1338 2532; x_wconf 89' lang='lat' dir='ltr'><strong>aliud</strong></span> <span class='ocrx_word' id='word_1_190' title='bbox 1360 2483 1398 2532; x_wconf 89' lang='lat' dir='ltr'><strong>nil</strong></span> 
     </span>
     <span class='ocr_line' id='line_1_23' title="bbox 309 2557 1398 2622; baseline 0.003 -18"><span class='ocrx_word' id='word_1_191' title='bbox 309 2571 379 2604; x_wconf 81' lang='lat' dir='ltr'><strong>aeres</strong></span> <span class='ocrx_word' id='word_1_192' title='bbox 388 2557 463 2604; x_wconf 86' lang='lat' dir='ltr'><strong>trium</strong></span> <span class='ocrx_word' id='word_1_193' title='bbox 475 2570 595 2605; x_wconf 87' lang='lat' dir='ltr'><strong>annorum</strong></span> <span class='ocrx_word' id='word_1_194' title='bbox 604 2559 688 2620; x_wconf 82' lang='lat' dir='ltr'><strong>spatio</strong></span> <span class='ocrx_word' id='word_1_195' title='bbox 699 2560 752 2607; x_wconf 83' lang='lat' dir='ltr'><strong>rita</strong></span> <span class='ocrx_word' id='word_1_196' title='bbox 761 2557 834 2608; x_wconf 87' lang='lat' dir='ltr'><strong>func·</strong></span> <span class='ocrx_word' id='word_1_197' title='bbox 870 2559 1001 2622; x_wconf 87' lang='lat' dir='ltr'><strong>proprium</strong></span> <span class='ocrx_word' id='word_1_198' title='bbox 1015 2558 1111 2609; x_wconf 85' lang='lat' dir='ltr'><strong>babere</strong></span> <span class='ocrx_word' id='word_1_199' title='bbox 1123 2566 1241 2622; x_wconf 88' lang='lat' dir='ltr'><strong>poterat:</strong></span> <span class='ocrx_word' id='word_1_200' title='bbox 1258 2558 1328 2607; x_wconf 83' lang='lat' dir='ltr'><strong>unde</strong></span> <span class='ocrx_word' id='word_1_201' title='bbox 1339 2573 1398 2621; x_wconf 84' lang='lat' dir='ltr'><strong>qrtta</strong></span> 
     </span>
     <span class='ocr_line' id='line_1_24' title="bbox 310 2631 1397 2697; baseline 0.003 -17"><span class='ocrx_word' id='word_1_202' title='bbox 310 2641 350 2682; x_wconf 89' lang='lat' dir='ltr'><strong>tos</strong></span> <span class='ocrx_word' id='word_1_203' title='bbox 372 2631 517 2693; x_wconf 80' lang='lat' dir='ltr'><strong>significare</strong></span> <span class='ocrx_word' id='word_1_204' title='bbox 540 2635 658 2694; x_wconf 81' lang='lat' dir='ltr'><strong>voluerit,</strong></span> <span class='ocrx_word' id='word_1_205' title='bbox 681 2647 745 2695; x_wconf 89' lang='lat' dir='ltr'><strong>quos</strong></span> <span class='ocrx_word' id='word_1_206' title='bbox 766 2633 834 2697; x_wconf 76' lang='lat' dir='ltr'><strong>Aug.</strong></span> <span class='ocrx_word' id='word_1_207' title='bbox 870 2633 974 2682; x_wconf 81' lang='lat' dir='ltr'><strong>Tiberio</strong></span> <span class='ocrx_word' id='word_1_208' title='bbox 989 2633 1170 2684; x_wconf 74' lang='lat' dir='ltr'><strong>donationibus</strong></span> <span class='ocrx_word' id='word_1_209' title='bbox 1187 2639 1234 2684; x_wconf 88' lang='lat' dir='ltr'><strong>ant</strong></span> <span class='ocrx_word' id='word_1_210' title='bbox 1251 2633 1397 2697; x_wconf 74' lang='lat' dir='ltr'><strong>legatisob·</strong></span> 
     </span>
     <span class='ocr_line' id='line_1_25' title="bbox 309 2705 1395 2776; baseline 0.003 -21"><span class='ocrx_word' id='word_1_211' title='bbox 309 2721 368 2770; x_wconf 87' lang='lat' dir='ltr'><strong>cap.</strong></span> <span class='ocrx_word' id='word_1_212' title='bbox 390 2712 414 2756; x_wconf 81' lang='grc'><strong>5.</strong></span> <span class='ocrx_word' id='word_1_213' title='bbox 432 2705 498 2755; x_wconf 79' lang='lat' dir='ltr'><strong>dixit</strong></span> <span class='ocrx_word' id='word_1_214' title='bbox 520 2706 547 2754; x_wconf 90' lang='lat' dir='ltr'><strong>ln</strong></span> <span class='ocrx_word' id='word_1_215' title='bbox 563 2706 739 2769; x_wconf 72' lang='lat' dir='ltr'><strong>duodeviginti</strong></span> <span class='ocrx_word' id='word_1_216' title='bbox 764 2723 834 2756; x_wconf 80' lang='lat' dir='ltr'><strong>men·</strong></span> <span class='ocrx_word' id='word_1_217' title='bbox 871 2711 1019 2773; x_wconf 80' lang='lat' dir='ltr'><strong>veniebant,</strong></span> <span class='ocrx_word' id='word_1_218' title='bbox 1029 2726 1079 2760; x_wconf 87' lang='lat' dir='ltr'><strong>aon</strong></span> <span class='ocrx_word' id='word_1_219' title='bbox 1091 2718 1195 2776; x_wconf 85' lang='lat' dir='ltr'><strong>poterat</strong></span> <span class='ocrx_word' id='word_1_220' title='bbox 1207 2711 1258 2761; x_wconf 84' lang='lat' dir='ltr'><strong>aiio</strong></span> <span class='ocrx_word' id='word_1_221' title='bbox 1267 2713 1325 2776; x_wconf 82' lang='lat' dir='ltr'><strong>jure</strong></span> <span class='ocrx_word' id='word_1_222' title='bbox 1337 2725 1395 2774; x_wconf 84' lang='lat' dir='ltr'><strong>pos·</strong></span> 
     </span>
     <span class='ocr_line' id='line_1_26' title="bbox 309 2781 1398 2852; baseline 0.006 -24"><span class='ocrx_word' id='word_1_223' title='bbox 309 2783 372 2829; x_wconf 87' lang='lat' dir='ltr'><strong>aium</strong></span> <span class='ocrx_word' id='word_1_224' title='bbox 384 2781 469 2842; x_wconf 83' lang='lat' dir='ltr'><strong>spatio</strong></span> <span class='ocrx_word' id='word_1_225' title='bbox 482 2781 589 2843; x_wconf 84' lang='lat' dir='ltr'><strong>periisse</strong></span> <span class='ocrx_word' id='word_1_226' title='bbox 606 2783 704 2844; x_wconf 86' lang='lat' dir='ltr'><strong>ambos,</strong></span> <span class='ocrx_word' id='word_1_227' title='bbox 716 2798 766 2833; x_wconf 91' lang='lat' dir='ltr'><strong>non</strong></span> <span class='ocrx_word' id='word_1_228' title='bbox 778 2787 833 2836; x_wconf 89' lang='lat' dir='ltr'><strong>sine</strong></span> <span class='ocrx_word' id='word_1_229' title='bbox 869 2787 954 2836; x_wconf 85' lang='lat' dir='ltr'><strong>sidere</strong></span> <span class='ocrx_word' id='word_1_230' title='bbox 973 2801 1049 2852; x_wconf 84' lang='lat' dir='ltr'><strong>quam</strong></span> <span class='ocrx_word' id='word_1_231' title='bbox 1067 2787 1173 2849; x_wconf 85' lang='lat' dir='ltr'><strong>peculii,</strong></span> <span class='ocrx_word' id='word_1_232' title='bbox 1193 2787 1268 2850; x_wconf 87' lang='lat' dir='ltr'><strong>quasi</strong></span> <span class='ocrx_word' id='word_1_233' title='bbox 1287 2787 1331 2834; x_wconf 91' lang='lat' dir='ltr'><strong>iila</strong></span> <span class='ocrx_word' id='word_1_234' title='bbox 1348 2785 1398 2834; x_wconf 92' lang='lat' dir='ltr'><strong>sibi</strong></span> 
     </span>
     <span class='ocr_line' id='line_1_27' title="bbox 309 2855 1398 2932; baseline 0.007 -28"><span class='ocrx_word' id='word_1_235' title='bbox 309 2857 455 2918; x_wconf 82' lang='lat' dir='ltr'><strong>suspicione</strong></span> <span class='ocrx_word' id='word_1_236' title='bbox 466 2855 565 2907; x_wconf 85' lang='lat' dir='ltr'><strong>fraudis</strong></span> <span class='ocrx_word' id='word_1_237' title='bbox 577 2872 592 2907; x_wconf 87' lang='lat' dir='ltr'><strong>a</strong></span> <span class='ocrx_word' id='word_1_238' title='bbox 608 2860 682 2908; x_wconf 81' lang='lat' dir='ltr'><strong>Lirin</strong></span> <span class='ocrx_word' id='word_1_239' title='bbox 692 2869 720 2910; x_wconf 87' lang='lat' dir='ltr'><strong>et</strong></span> <span class='ocrx_word' id='word_1_240' title='bbox 731 2875 746 2909; x_wconf 91' lang='lat' dir='ltr'><strong>a</strong></span> <span class='ocrx_word' id='word_1_241' title='bbox 757 2861 833 2910; x_wconf 84' lang='lat' dir='ltr'><strong>&#39;l&#39;ibe-</strong></span> <span class='ocrx_word' id='word_1_242' title='bbox 871 2877 993 2932; x_wconf 83' lang='lat' dir='ltr'><strong>concessa</strong></span> <span class='ocrx_word' id='word_1_243' title='bbox 1004 2863 1115 2914; x_wconf 81' lang='lat' dir='ltr'><strong>inissent</strong></span> <span class='ocrx_word' id='word_1_244' title='bbox 1127 2879 1143 2913; x_wconf 91' lang='lat' dir='ltr'><strong>a</strong></span> <span class='ocrx_word' id='word_1_245' title='bbox 1154 2871 1229 2929; x_wconf 84' lang='lat' dir='ltr'><strong>patre</strong></span> <span class='ocrx_word' id='word_1_246' title='bbox 1240 2878 1286 2914; x_wconf 90' lang='lat' dir='ltr'><strong>suo</strong></span> <span class='ocrx_word' id='word_1_247' title='bbox 1297 2863 1398 2928; x_wconf 71' lang='lat' dir='ltr'><strong>Angus-</strong></span> 
     </span>
     <span class='ocr_line' id='line_1_28' title="bbox 309 2929 1398 3004; baseline 0.012 -26"><span class='ocrx_word' id='word_1_248' title='bbox 309 2933 349 2981; x_wconf 91' lang='lat' dir='ltr'><strong>rio</strong></span> <span class='ocrx_word' id='word_1_249' title='bbox 361 2929 448 2981; x_wconf 77' lang='lat' dir='ltr'><strong>facta.</strong></span> <span class='ocrx_word' id='word_1_250' title='bbox 871 2945 908 3000; x_wconf 87' lang='lat' dir='ltr'><strong>to,</strong></span> <span class='ocrx_word' id='word_1_251' title='bbox 920 2939 960 2988; x_wconf 89' lang='lat' dir='ltr'><strong>coi</strong></span> <span class='ocrx_word' id='word_1_252' title='bbox 972 2939 1027 3000; x_wconf 84' lang='lat' dir='ltr'><strong>ipse</strong></span> <span class='ocrx_word' id='word_1_253' title='bbox 1038 2940 1084 2987; x_wconf 87' lang='lat' dir='ltr'><strong>soii</strong></span> <span class='ocrx_word' id='word_1_254' title='bbox 1096 2939 1145 2988; x_wconf 88' lang='lat' dir='ltr'><strong>boc</strong></span> <span class='ocrx_word' id='word_1_255' title='bbox 1155 2937 1398 3004; x_wconf 82' lang='lat' dir='ltr'><strong>modoacquirebsb</strong></span> 
     </span>
     <span class='ocr_line' id='line_1_29' title="bbox 341 3009 1339 3075; baseline 0.009 -20"><span class='ocrx_word' id='word_1_256' title='bbox 341 3009 631 3070; x_wconf 64' lang='lat' dir='ltr'><strong>&#39;Germanicumsratria</strong></span> <span class='ocrx_word' id='word_1_257' title='bbox 640 3012 691 3075; x_wconf 78' lang='lat' dir='ltr'><strong>aar]</strong></span> <span class='ocrx_word' id='word_1_258' title='bbox 703 3013 791 3071; x_wconf 84' lang='lat' dir='ltr'><strong>Drusi,</strong></span> <span class='ocrx_word' id='word_1_259' title='bbox 801 3011 834 3062; x_wconf 89' lang='lat' dir='ltr'><strong>do</strong></span> <span class='ocrx_word' id='word_1_260' title='bbox 871 3025 922 3060; x_wconf 86' lang='lat' dir='ltr'><strong>non</strong></span> <span class='ocrx_word' id='word_1_261' title='bbox 933 3013 992 3072; x_wconf 86' lang='lat' dir='ltr'><strong>sibi,</strong></span> <span class='ocrx_word' id='word_1_262' title='bbox 1003 3025 1062 3061; x_wconf 87' lang='lat' dir='ltr'><strong>cum</strong></span> <span class='ocrx_word' id='word_1_263' title='bbox 1073 3012 1251 3063; x_wconf 84' lang='lat' dir='ltr'><strong>filiusfamilias</strong></span> <span class='ocrx_word' id='word_1_264' title='bbox 1262 3021 1339 3064; x_wconf 84' lang='lat' dir='ltr'><strong>esset.</strong></span> 
     </span>
     <span class='ocr_line' id='line_1_30' title="bbox 308 3085 1399 3152; baseline 0.005 -20"><span class='ocrx_word' id='word_1_265' title='bbox 308 3099 359 3148; x_wconf 86' lang='lat' dir='ltr'><strong>quo</strong></span> <span class='ocrx_word' id='word_1_266' title='bbox 380 3097 458 3146; x_wconf 85' lang='lat' dir='ltr'><strong>snpra</strong></span> <span class='ocrx_word' id='word_1_267' title='bbox 475 3097 534 3147; x_wconf 87' lang='lat' dir='ltr'><strong>cap.</strong></span> <span class='ocrx_word' id='word_1_268' title='bbox 553 3087 577 3133; x_wconf 77' lang='lat' dir='ltr'><strong>l.</strong></span> <span class='ocrx_word' id='word_1_269' title='bbox 604 3085 718 3149; x_wconf 82' lang='lat' dir='ltr'><strong>Adoptio</strong></span> <span class='ocrx_word' id='word_1_270' title='bbox 736 3088 833 3136; x_wconf 75' lang='lat' dir='ltr'><strong>bsecro</strong></span> <span class='ocrx_word' id='word_1_271' title='bbox 903 3096 913 3120; x_wconf 75' lang='lat' dir='ltr'>v</span> <span class='ocrx_word' id='word_1_272' title='bbox 933 3089 1161 3152; x_wconf 75' lang='lat' dir='ltr'><strong>Refer-reincoepto]</strong></span> <span class='ocrx_word' id='word_1_273' title='bbox 1179 3089 1209 3139; x_wconf 90' lang='lat' dir='ltr'><strong>ln</strong></span> <span class='ocrx_word' id='word_1_274' title='bbox 1228 3093 1324 3140; x_wconf 90' lang='lat' dir='ltr'><strong>tabulis</strong></span> <span class='ocrx_word' id='word_1_275' title='bbox 1339 3089 1399 3150; x_wconf 87' lang='lat' dir='ltr'><strong>iilis,</strong></span> 
     </span>
     <span class='ocr_line' id='line_1_31' title="bbox 309 3158 1400 3228; baseline 0.005 -21"><span class='ocrx_word' id='word_1_276' title='bbox 309 3158 381 3209; x_wconf 81' lang='lat' dir='ltr'><strong>faeta</strong></span> <span class='ocrx_word' id='word_1_277' title='bbox 396 3161 512 3219; x_wconf 85' lang='lat' dir='ltr'><strong>consilio,</strong></span> <span class='ocrx_word' id='word_1_278' title='bbox 529 3169 558 3208; x_wconf 90' lang='lat' dir='ltr'><strong>ut</strong></span> <span class='ocrx_word' id='word_1_279' title='bbox 574 3163 689 3222; x_wconf 86' lang='lat' dir='ltr'><strong>protinus</strong></span> <span class='ocrx_word' id='word_1_280' title='bbox 706 3163 748 3211; x_wconf 91' lang='lat' dir='ltr'><strong>illa</strong></span> <span class='ocrx_word' id='word_1_281' title='bbox 764 3160 833 3212; x_wconf 86' lang='lat' dir='ltr'><strong>facta</strong></span> <span class='ocrx_word' id='word_1_282' title='bbox 871 3162 904 3210; x_wconf 85' lang='lat' dir='ltr'><strong>de</strong></span> <span class='ocrx_word' id='word_1_283' title='bbox 915 3162 1007 3226; x_wconf 83' lang='lat' dir='ltr'><strong>quibus</strong></span> <span class='ocrx_word' id='word_1_284' title='bbox 1017 3176 1095 3226; x_wconf 82' lang='lat' dir='ltr'><strong>snpra</strong></span> <span class='ocrx_word' id='word_1_285' title='bbox 1104 3165 1129 3212; x_wconf 88' lang='lat' dir='ltr'><strong>in</strong></span> <span class='ocrx_word' id='word_1_286' title='bbox 1138 3163 1209 3214; x_wconf 77' lang='lat' dir='ltr'><strong>lulio</strong></span> <span class='ocrx_word' id='word_1_287' title='bbox 1218 3179 1277 3228; x_wconf 86' lang='lat' dir='ltr'><strong>cap.</strong></span> <span class='ocrx_word' id='word_1_288' title='bbox 1287 3169 1327 3215; x_wconf 79' lang='lat' dir='ltr'><strong>tn.</strong></span> <span class='ocrx_word' id='word_1_289' title='bbox 1336 3165 1400 3214; x_wconf 86' lang='lat' dir='ltr'><strong>mnt-</strong></span> 
     </span>
     <span class='ocr_line' id='line_1_32' title="bbox 309 3235 1399 3301; baseline 0.004 -18"><span class='ocrx_word' id='word_1_290' title='bbox 309 3235 479 3283; x_wconf 83' lang='lat' dir='ltr'><strong>Germanicur</strong></span> <span class='ocrx_word' id='word_1_291' title='bbox 492 3235 618 3299; x_wconf 85' lang='lat' dir='ltr'><strong>inciperet</strong></span> <span class='ocrx_word' id='word_1_292' title='bbox 629 3237 740 3300; x_wconf 77' lang='lat' dir='ltr'><strong>Augusti</strong></span> <span class='ocrx_word' id='word_1_293' title='bbox 751 3251 833 3300; x_wconf 79' lang='lat' dir='ltr'><strong>nepos</strong></span> <span class='ocrx_word' id='word_1_294' title='bbox 872 3247 899 3286; x_wconf 90' lang='lat' dir='ltr'><strong>ta</strong></span> <span class='ocrx_word' id='word_1_295' title='bbox 916 3246 993 3287; x_wconf 85' lang='lat' dir='ltr'><strong>arant</strong></span> <span class='ocrx_word' id='word_1_296' title='bbox 1010 3239 1108 3300; x_wconf 84' lang='lat' dir='ltr'><strong>capita.</strong></span> <span class='ocrx_word' id='word_1_297' title='bbox 1127 3251 1150 3285; x_wconf 86' lang='lat' dir='ltr'><strong>r.</strong></span> <span class='ocrx_word' id='word_1_298' title='bbox 1162 3251 1189 3301; x_wconf 76' lang='lat' dir='ltr'><strong>g.</strong></span> <span class='ocrx_word' id='word_1_299' title='bbox 1206 3239 1399 3299; x_wconf 67' lang='lat' dir='ltr'><strong>negotiationis.</strong></span> 
     </span>
     <span class='ocr_line' id='line_1_33' title="bbox 310 3309 1401 3376; baseline 0.004 -19"><span class='ocrx_word' id='word_1_300' title='bbox 310 3323 373 3358; x_wconf 87' lang='lat' dir='ltr'><strong>esse.</strong></span> <span class='ocrx_word' id='word_1_301' title='bbox 408 3311 450 3358; x_wconf 90' lang='lat' dir='ltr'><strong>De</strong></span> <span class='ocrx_word' id='word_1_302' title='bbox 469 3311 512 3359; x_wconf 88' lang='lat' dir='ltr'><strong>ilia</strong></span> <span class='ocrx_word' id='word_1_303' title='bbox 534 3312 684 3374; x_wconf 84' lang='lat' dir='ltr'><strong>adoptione,</strong></span> <span class='ocrx_word' id='word_1_304' title='bbox 702 3327 747 3363; x_wconf 85' lang='lat' dir='ltr'><strong>seu</strong></span> <span class='ocrx_word' id='word_1_305' title='bbox 769 3314 833 3376; x_wconf 85' lang='lat' dir='ltr'><strong>poti·</strong></span> <span class='ocrx_word' id='word_1_306' title='bbox 870 3309 1401 3376; x_wconf 63' lang='lat' dir='ltr'><strong>frenorinlegatormn,hereditatum,tre.</strong></span> 
     </span>
     <span class='ocr_line' id='line_1_34' title="bbox 310 3385 1399 3450; baseline 0.004 -19"><span class='ocrx_word' id='word_1_307' title='bbox 310 3397 339 3432; x_wconf 88' lang='lat' dir='ltr'><strong>us</strong></span> <span class='ocrx_word' id='word_1_308' title='bbox 357 3385 529 3447; x_wconf 73' lang='lat' dir='ltr'><strong>arrogatione,</strong></span> <span class='ocrx_word' id='word_1_309' title='bbox 545 3387 660 3436; x_wconf 83' lang='lat' dir='ltr'><strong>meminit</strong></span> <span class='ocrx_word' id='word_1_310' title='bbox 670 3387 833 3438; x_wconf 87' lang='lat' dir='ltr'><strong>Justinianus</strong></span> <span class='ocrx_word' id='word_1_311' title='bbox 870 3386 951 3435; x_wconf 80' lang='lat' dir='ltr'><strong>Simul</strong></span> <span class='ocrx_word' id='word_1_312' title='bbox 971 3387 1049 3449; x_wconf 77' lang='lat' dir='ltr'><strong>igitur</strong></span> <span class='ocrx_word' id='word_1_313' title='bbox 1070 3394 1099 3436; x_wconf 90' lang='lat' dir='ltr'><strong>ut</strong></span> <span class='ocrx_word' id='word_1_314' title='bbox 1117 3387 1281 3450; x_wconf 85' lang='lat' dir='ltr'><strong>pecuniarum</strong></span> <span class='ocrx_word' id='word_1_315' title='bbox 1302 3387 1399 3449; x_wconf 86' lang='lat' dir='ltr'><strong>aliquid</strong></span> 
     </span>
     <span class='ocr_line' id='line_1_35' title="bbox 309 3459 1400 3528; baseline 0.002 -21"><span class='ocrx_word' id='word_1_316' title='bbox 309 3460 351 3507; x_wconf 85' lang='lat' dir='ltr'><strong>tit·</strong></span> <span class='ocrx_word' id='word_1_317' title='bbox 369 3460 402 3507; x_wconf 86' lang='lat' dir='ltr'><strong>de</strong></span> <span class='ocrx_word' id='word_1_318' title='bbox 419 3459 610 3522; x_wconf 82' lang='lat' dir='ltr'><strong>adoptionibus,</strong></span> <span class='ocrx_word' id='word_1_319' title='bbox 627 3464 641 3524; x_wconf 60' lang='grc' dir='ltr'>ς</span> <span class='ocrx_word' id='word_1_320' title='bbox 658 3463 721 3512; x_wconf 90' lang='lat' dir='ltr'><strong>illud</strong></span> <span class='ocrx_word' id='word_1_321' title='bbox 734 3465 834 3528; x_wconf 86' lang='lat' dir='ltr'><strong>propri·</strong></span> <span class='ocrx_word' id='word_1_322' title='bbox 871 3468 1037 3524; x_wconf 84' lang='lat' dir='ltr'><strong>acceperant,</strong></span> <span class='ocrx_word' id='word_1_323' title='bbox 1059 3461 1084 3510; x_wconf 90' lang='lat' dir='ltr'><strong>in</strong></span> <span class='ocrx_word' id='word_1_324' title='bbox 1101 3467 1180 3523; x_wconf 85' lang='lat' dir='ltr'><strong>eaput</strong></span> <span class='ocrx_word' id='word_1_325' title='bbox 1199 3459 1247 3509; x_wconf 88' lang='lat' dir='ltr'><strong>boc</strong></span> <span class='ocrx_word' id='word_1_326' title='bbox 1267 3461 1307 3509; x_wconf 83' lang='lat' dir='ltr'><strong>rei</strong></span> <span class='ocrx_word' id='word_1_327' title='bbox 1325 3460 1400 3523; x_wconf 86' lang='lat' dir='ltr'><strong>iilud,</strong></span> 
     </span>
     <span class='ocr_line' id='line_1_36' title="bbox 310 3533 1399 3598; baseline 0.003 -16"><span class='ocrx_word' id='word_1_328' title='bbox 310 3549 362 3583; x_wconf 81' lang='lat' dir='ltr'><strong>um.</strong></span> <span class='ocrx_word' id='word_1_329' title='bbox 871 3533 1399 3598; x_wconf 85' lang='lat' dir='ltr'><strong>bocertbuicvelillinomiui‚acceptnm</strong></span> 
     </span>
     <span class='ocr_line' id='line_1_37' title="bbox 339 3609 1400 3676; baseline 0.005 -19"><span class='ocrx_word' id='word_1_330' title='bbox 339 3611 348 3642; x_wconf 71' lang='lat'>²</span> <span class='ocrx_word' id='word_1_331' title='bbox 363 3610 418 3670; x_wconf 81' lang='lat' dir='ltr'><strong>Jus,</strong></span> <span class='ocrx_word' id='word_1_332' title='bbox 429 3613 490 3672; x_wconf 70' lang='lat' dir='ltr'><strong>qaod</strong></span> <span class='ocrx_word' id='word_1_333' title='bbox 498 3609 621 3671; x_wconf 73' lang='lat' dir='ltr'><strong>emicaret]</strong></span> <span class='ocrx_word' id='word_1_334' title='bbox 633 3613 696 3660; x_wconf 87' lang='lat' dir='ltr'><strong>Corn</strong></span> <span class='ocrx_word' id='word_1_335' title='bbox 708 3613 775 3662; x_wconf 90' lang='lat' dir='ltr'><strong>enlm</strong></span> <span class='ocrx_word' id='word_1_336' title='bbox 788 3627 832 3664; x_wconf 91' lang='lat' dir='ltr'><strong>an·</strong></span> <span class='ocrx_word' id='word_1_337' title='bbox 872 3612 1030 3664; x_wconf 85' lang='lat' dir='ltr'><strong>referebant.</strong></span> <span class='ocrx_word' id='word_1_338' title='bbox 1051 3613 1078 3662; x_wconf 83' lang='lat' dir='ltr'><strong>Si</strong></span> <span class='ocrx_word' id='word_1_339' title='bbox 1087 3610 1288 3667; x_wconf 67' lang='lat' dir='ltr'><strong>exhaereditata</strong></span> <span class='ocrx_word' id='word_1_340' title='bbox 1297 3627 1322 3662; x_wconf 85' lang='lat' dir='ltr'><strong>r.</strong></span> <span class='ocrx_word' id='word_1_341' title='bbox 1336 3626 1361 3676; x_wconf 76' lang='lat' dir='ltr'><strong>g.</strong></span> <span class='ocrx_word' id='word_1_342' title='bbox 1372 3615 1400 3662; x_wconf 92' lang='lat' dir='ltr'><strong>in</strong></span> 
     </span>
     <span class='ocr_line' id='line_1_38' title="bbox 309 3685 1399 3752; baseline 0.006 -20"><span class='ocrx_word' id='word_1_343' title='bbox 309 3691 336 3733; x_wconf 84' lang='lat' dir='ltr'><strong>to</strong></span> <span class='ocrx_word' id='word_1_344' title='bbox 347 3685 512 3748; x_wconf 87' lang='lat' dir='ltr'><strong>adoptionem</strong></span> <span class='ocrx_word' id='word_1_345' title='bbox 532 3685 716 3748; x_wconf 84' lang='lat' dir='ltr'><strong>paterfamilias</strong></span> <span class='ocrx_word' id='word_1_346' title='bbox 727 3695 795 3736; x_wconf 85' lang='lat' dir='ltr'><strong>esset</strong></span> <span class='ocrx_word' id='word_1_347' title='bbox 806 3696 834 3738; x_wconf 91' lang='lat' dir='ltr'><strong>et</strong></span> <span class='ocrx_word' id='word_1_348' title='bbox 871 3689 1050 3739; x_wconf 68' lang='lat' dir='ltr'><strong>hereditatum</strong></span> <span class='ocrx_word' id='word_1_349' title='bbox 1060 3695 1155 3751; x_wconf 84' lang='lat' dir='ltr'><strong>capnt:</strong></span> <span class='ocrx_word' id='word_1_350' title='bbox 1174 3687 1235 3736; x_wconf 78' lang='lat' dir='ltr'><strong>irinc</strong></span> <span class='ocrx_word' id='word_1_351' title='bbox 1246 3701 1278 3736; x_wconf 84' lang='lat' dir='ltr'><strong>es</strong></span> <span class='ocrx_word' id='word_1_352' title='bbox 1292 3689 1399 3752; x_wconf 82' lang='lat' dir='ltr'><strong>loquen-</strong></span> 
     </span>
     <span class='ocr_line' id='line_1_39' title="bbox 308 3760 1398 3829; baseline 0.006 -21"><span class='ocrx_word' id='word_1_353' title='bbox 308 3760 348 3808; x_wconf 90' lang='lat' dir='ltr'><strong>sui</strong></span> <span class='ocrx_word' id='word_1_354' title='bbox 362 3761 439 3824; x_wconf 86' lang='lat' dir='ltr'><strong>juris,</strong></span> <span class='ocrx_word' id='word_1_355' title='bbox 466 3775 512 3823; x_wconf 86' lang='lat' dir='ltr'><strong>per</strong></span> <span class='ocrx_word' id='word_1_356' title='bbox 529 3775 585 3810; x_wconf 86' lang='lat' dir='ltr'><strong>eam</strong></span> <span class='ocrx_word' id='word_1_357' title='bbox 604 3761 779 3812; x_wconf 74' lang='lat' dir='ltr'><strong>filiumfamilias</strong></span> <span class='ocrx_word' id='word_1_358' title='bbox 806 3771 834 3813; x_wconf 89' lang='lat' dir='ltr'><strong>et</strong></span> <span class='ocrx_word' id='word_1_359' title='bbox 871 3764 898 3812; x_wconf 90' lang='lat' dir='ltr'><strong>di</strong></span> <span class='ocrx_word' id='word_1_360' title='bbox 910 3765 1150 3829; x_wconf 83' lang='lat' dir='ltr'><strong>ratio,‘acceptnm</strong></span> <span class='ocrx_word' id='word_1_361' title='bbox 1163 3761 1278 3813; x_wconf 67' lang='lat' dir='ltr'><strong>referre!</strong></span> <span class='ocrx_word' id='word_1_362' title='bbox 1306 3765 1398 3814; x_wconf 83' lang='lat' dir='ltr'><strong>Cicero</strong></span> 
     </span>
     <span class='ocr_line' id='line_1_40' title="bbox 309 3835 1398 3904; baseline 0.007 -22"><span class='ocrx_word' id='word_1_363' title='bbox 309 3835 392 3884; x_wconf 87' lang='lat' dir='ltr'><strong>aiieuo</strong></span> <span class='ocrx_word' id='word_1_364' title='bbox 400 3835 455 3898; x_wconf 86' lang='lat' dir='ltr'><strong>jori</strong></span> <span class='ocrx_word' id='word_1_365' title='bbox 467 3835 599 3900; x_wconf 82' lang='lat' dir='ltr'><strong>subjectns</strong></span> <span class='ocrx_word' id='word_1_366' title='bbox 608 3835 694 3886; x_wconf 88' lang='lat' dir='ltr'><strong>factus</strong></span> <span class='ocrx_word' id='word_1_367' title='bbox 705 3845 771 3901; x_wconf 83' lang='lat' dir='ltr'><strong>erat,</strong></span> <span class='ocrx_word' id='word_1_368' title='bbox 782 3852 835 3901; x_wconf 85' lang='lat' dir='ltr'><strong>qua</strong></span> <span class='ocrx_word' id='word_1_369' title='bbox 870 3853 902 3887; x_wconf 90' lang='lat' dir='ltr'><strong>rr.</strong></span> <span class='ocrx_word' id='word_1_370' title='bbox 921 3839 1061 3904; x_wconf 85' lang='lat' dir='ltr'><strong>Philippic.</strong></span> <span class='ocrx_word' id='word_1_371' title='bbox 1079 3841 1151 3904; x_wconf 73' lang='lat' dir='ltr'><strong>‘Ego</strong></span> <span class='ocrx_word' id='word_1_372' title='bbox 1165 3840 1236 3889; x_wconf 85' lang='lat' dir='ltr'><strong>enim</strong></span> <span class='ocrx_word' id='word_1_373' title='bbox 1252 3841 1398 3890; x_wconf 81' lang='lat' dir='ltr'><strong>sestertium</strong></span> 
     </span>
     <span class='ocr_line' id='line_1_41' title="bbox 308 3909 1400 3980; baseline 0.005 -22"><span class='ocrx_word' id='word_1_374' title='bbox 308 3909 334 3958; x_wconf 92' lang='lat' dir='ltr'><strong>in</strong></span> <span class='ocrx_word' id='word_1_375' title='bbox 346 3911 494 3962; x_wconf 84' lang='lat' dir='ltr'><strong>conditione</strong></span> <span class='ocrx_word' id='word_1_376' title='bbox 512 3913 594 3962; x_wconf 84' lang='lat' dir='ltr'><strong>muita</strong></span> <span class='ocrx_word' id='word_1_377' title='bbox 612 3912 671 3974; x_wconf 85' lang='lat' dir='ltr'><strong>sibi,</strong></span> <span class='ocrx_word' id='word_1_378' title='bbox 684 3915 760 3963; x_wconf 81' lang='lat' dir='ltr'><strong>ratris</strong></span> <span class='ocrx_word' id='word_1_379' title='bbox 772 3915 834 3976; x_wconf 73' lang='lat' dir='ltr'><strong>tegi·</strong></span> <span class='ocrx_word' id='word_1_380' title='bbox 870 3915 1004 3966; x_wconf 84' lang='lat' dir='ltr'><strong>ducenties</strong></span> <span class='ocrx_word' id='word_1_381' title='bbox 1011 3917 1204 3967; x_wconf 72' lang='lat' dir='ltr'><strong>hereditatibus</strong></span> <span class='ocrx_word' id='word_1_382' title='bbox 1213 3925 1350 3980; x_wconf 85' lang='lat' dir='ltr'><strong>acceptum</strong></span> <span class='ocrx_word' id='word_1_383' title='bbox 1360 3931 1400 3965; x_wconf 87' lang='lat' dir='ltr'><strong>re-</strong></span> 
     </span>
     <span class='ocr_line' id='line_1_42' title="bbox 308 3984 936 4058; baseline 0.011 -27"><span class='ocrx_word' id='word_1_384' title='bbox 308 3984 363 4046; x_wconf 82' lang='lat' dir='ltr'><strong>bus,</strong></span> <span class='ocrx_word' id='word_1_385' title='bbox 374 3999 424 4035; x_wconf 90' lang='lat' dir='ltr'><strong>oon</strong></span> <span class='ocrx_word' id='word_1_386' title='bbox 434 3987 564 4038; x_wconf 87' lang='lat' dir='ltr'><strong>linebant:</strong></span> <span class='ocrx_word' id='word_1_387' title='bbox 582 4002 606 4035; x_wconf 82' lang='lat' dir='ltr'><strong>s.</strong></span> <span class='ocrx_word' id='word_1_388' title='bbox 617 4003 641 4051; x_wconf 72' lang='lat' dir='ltr'><strong>g.</strong></span> <span class='ocrx_word' id='word_1_389' title='bbox 651 3997 833 4058; x_wconf 79' lang='lat' dir='ltr'><strong>testamentum</strong></span> <span class='ocrx_word' id='word_1_390' title='bbox 871 3990 936 4040; x_wconf 86' lang='lat' dir='ltr'><strong>tuti.&#39;</strong></span> 
     </span>
     <span class='ocr_line' id='line_1_43' title="bbox 308 4061 1396 4133; baseline 0.009 -26"><span class='ocrx_word' id='word_1_391' title='bbox 308 4061 429 4117; x_wconf 79' lang='lat' dir='ltr'><strong>condere,</strong></span> <span class='ocrx_word' id='word_1_392' title='bbox 441 4062 591 4112; x_wconf 84' lang='lat' dir='ltr'><strong>donationes</strong></span> <span class='ocrx_word' id='word_1_393' title='bbox 601 4061 697 4124; x_wconf 81' lang='lat' dir='ltr'><strong>facere.</strong></span> <span class='ocrx_word' id='word_1_394' title='bbox 708 4067 758 4114; x_wconf 73' lang='lat' dir='ltr'><strong>tre.</strong></span> <span class='ocrx_word' id='word_1_395' title='bbox 903 4073 918 4098; x_wconf 63' lang='lat' dir='ltr'><strong>t</strong></span> <span class='ocrx_word' id='word_1_396' title='bbox 935 4066 1045 4131; x_wconf 74' lang='lat' dir='ltr'><strong>Agrippa</strong></span> <span class='ocrx_word' id='word_1_397' title='bbox 1055 4068 1175 4133; x_wconf 79' lang='lat' dir='ltr'><strong>abdicato]</strong></span> <span class='ocrx_word' id='word_1_398' title='bbox 1191 4068 1275 4132; x_wconf 81' lang='lat' dir='ltr'><strong>Supra</strong></span> <span class='ocrx_word' id='word_1_399' title='bbox 1287 4067 1313 4117; x_wconf 91' lang='lat' dir='ltr'><strong>in</strong></span> <span class='ocrx_word' id='word_1_400' title='bbox 1330 4066 1396 4130; x_wconf 70' lang='lat' dir='ltr'><strong>Aug.</strong></span> 
     </span>
     <span class='ocr_line' id='line_1_44' title="bbox 341 4135 945 4204; baseline 0.015 -23"><span class='ocrx_word' id='word_1_401' title='bbox 341 4141 352 4165; x_wconf 84' lang='lat'><strong>¹¹</strong></span> <span class='ocrx_word' id='word_1_402' title='bbox 368 4135 476 4200; x_wconf 75' lang='lat' dir='ltr'><strong>Petelia]</strong></span> <span class='ocrx_word' id='word_1_403' title='bbox 496 4138 560 4187; x_wconf 74' lang='lat' dir='ltr'><strong>Qum</strong></span> <span class='ocrx_word' id='word_1_404' title='bbox 580 4139 647 4187; x_wconf 87' lang='lat' dir='ltr'><strong>bona</strong></span> <span class='ocrx_word' id='word_1_405' title='bbox 663 4139 717 4188; x_wconf 86' lang='lat' dir='ltr'><strong>filio</strong></span> <span class='ocrx_word' id='word_1_406' title='bbox 731 4155 777 4190; x_wconf 91' lang='lat' dir='ltr'><strong>sno</strong></span> <span class='ocrx_word' id='word_1_407' title='bbox 789 4155 833 4204; x_wconf 88' lang='lat' dir='ltr'><strong>pa·</strong></span> <span class='ocrx_word' id='word_1_408' title='bbox 871 4157 894 4193; x_wconf 88' lang='lat' dir='ltr'><strong>c.</strong></span> <span class='ocrx_word' id='word_1_409' title='bbox 905 4145 945 4191; x_wconf 83' lang='lat' dir='ltr'><strong>ee.</strong></span> 
     </span>
     <span class='ocr_line' id='line_1_45' title="bbox 309 4209 833 4279; baseline 0.004 -17"><span class='ocrx_word' id='word_1_410' title='bbox 309 4209 833 4279; x_wconf 84' lang='lat' dir='ltr'><strong>terfamiliasconcedebat,autipaetiiina</strong></span> 
     </span>
    </p>
   </div>
   <div class='ocr_carea' id='block_1_7' title="bbox 0 0 1616 4918">
    <p class='ocr_par' dir='ltr' id='par_1_7' title="bbox 0 0 1616 4918">
     <span class='ocr_line' id='line_1_46' title="bbox 0 0 1616 4918; baseline 0 0"><span class='ocrx_word' id='word_1_411' title='bbox 0 0 1616 4918; x_wconf 95' lang='lat' dir='ltr'><strong> </strong></span> 
     </span>
    </p>
   </div>
  </div>
 </body>
</html>
