3120 4926
274 448 318 512 20
554 457 603 510 nu
625 459 813 538 suurouro
837 461 1088 524 ruauuuinno

608 668 705 733 Idem
718 667 828 734 eide'm
843 667 918 733 Lib.
934 683 968 733 v.
982 670 1034 734 11.

317 793 440 860 Libera
463 793 595 861 tandem
619 793 971 877 hendecasyllaborum
1000 813 1147 860 meorum
1175 792 1288 874 fidem,
1310 794 1369 876 qui

275 895 404 978 scriptu
419 900 479 959 tua
490 894 723 960 communibus
735 894 855 958 amicis
867 894 1133 978 spoponderuutt
1155 893 1384 982 appellantur.

275 995 425 1078 quotidie
447 1001 480 1059 et
501 993 703 1076 flagitantur,
718 1013 760 1058 ac
778 994 851 1077 jam
872 995 1060 1078 periculum
1076 999 1139 1070 est,
1151 1013 1194 1058 ne
1208 999 1370 1077 cogantur
1466 1073 1470 1078 Ι

274 1097 319 1160 ad
333 1094 557 1162 exhibendum
572 1093 747 1159 formulam
761 1095 926 1175 accipere.
959 1095 1042 1159 Sum
1055 1099 1088 1158 et
1102 1094 1225 1177 ipsein
1239 1095 1369 1160 edendo

273 1197 465 1264 haesitator:
503 1202 539 1260 tu
562 1213 655 1260 mora
681 1202 796 1260 minen
822 1213 930 1260 meam
960 1214 1092 1280 quoque
1120 1195 1385 1262 cunctationem.

235 1277 246 1297 ⁶
273 1297 532 1380 tarditatemque
547 1295 673 1360 vicisti.
716 1294 864 1361 Proinde
879 1302 939 1361 aut
953 1315 1070 1380 rumpe
1087 1296 1159 1380 Jum
1175 1315 1297 1375 moras,
1311 1301 1369 1362 aut

273 1418 367 1478 cave,
391 1418 433 1463 ne
461 1397 596 1462 eosdem
619 1398 697 1462 illos
719 1397 868 1477 libellos,
893 1418 980 1481 quoe
1004 1398 1068 1462 tibi
1096 1397 1368 1480 hendecasyllabi

273 1501 380 1566 nostri
404 1498 576 1564 blanditiis
600 1499 722 1563 elicere
749 1517 812 1564 uon
834 1508 990 1583 possunt,
1012 1499 1167 1566 convicio
1189 1506 1367 1564 scazontes

274 1607 503 1685 extorqueant·
547 1599 738 1666 Perfectum
753 1619 841 1684 opus
861 1603 1117 1686 absolutumque
1140 1607 1203 1677 est,
1216 1619 1279 1666 uec
1295 1600 1385 1683 jam:

275 1703 479 1787 splendescit
498 1701 591 1778 lima,
607 1699 666 1764 sed
690 1702 851 1766 atteritur.
896 1700 1027 1780 Patere,
1041 1721 1095 1766 me
1109 1701 1221 1766 videre
1237 1701 1369 1765 titulum

209 1821 214 1832 ’
273 1811 378 1882 tuum,
393 1809 508 1887 patere
523 1800 650 1884 audire,
665 1799 822 1879 describi,
837 1801 914 1884 legi,
930 1803 1053 1866 vaenire
1076 1801 1245 1866 volumina
1265 1800 1370 1864 'lban-

275 1906 373 1992 quilii
386 1904 461 1968 mei.
505 1902 656 1984 AEquurn
672 1908 736 1979 est,
749 1921 810 1967 nos
830 1904 865 1967 in
883 1922 996 1967 amore
1011 1914 1080 1967 tem
1096 1910 1213 1967 mutuo
1228 1900 1368 1966 eandem

273 2005 447 2092 percipere
478 2023 523 2069 ex
548 2009 581 2067 te
605 2002 821 2085 voluptatem,
847 2022 914 2087 qua
937 2009 970 2068 tu
995 2003 1174 2087 perimaris
1196 2022 1241 2068 ex
1261 2004 1368 2069 uobis.

193 2113 201 2130 ‘
273 2107 375 2172 Vale.

274 2289 445 2358 Ausonius
467 2291 510 2354 de
532 2289 814 2356 x11.0aesaribus
834 2309 895 2374 per
918 2290 1119 2354 Suetonium
1139 2289 1368 2374 Tranquillum

334 2383 339 2398 ’
747 2390 896 2472 scriptis.
1247 2417 1250 2422 ·

359 2507 537 2572 Caesareos
551 2495 730 2583 Proceres,
744 2507 780 2571 iu
795 2526 933 2590 quorum
948 2525 1047 2590 regna
1063 2507 1221 2573 secundis

355 2605 560 2672 Consulibus
572 2604 699 2670 dudum
711 2605 866 2672 Romana
879 2610 1032 2690 potentia
1046 2611 1160 2685 cessit,

359 2707 489 2791 Accipe
505 2708 558 2771 bis
573 2725 673 2771 senos
689 2727 697 2772 ε
719 2727 778 2773 sua
796 2727 961 2792 quemque
975 2710 1188 2774 monosticha
1201 2710 1342 2792 signam,
1383 2745 1389 2750 -

360 2807 515 2886 Quorum
531 2827 591 2890 per
606 2807 740 2889 plenam
754 2811 874 2894 seriem
890 2810 1072 2876 Suetonius
1086 2811 1164 2875 olim

360 2907 519 2987 Nomina,
534 2927 589 2972 res
604 2916 729 2991 gestas,
743 2911 927 2993 vitamque,
942 2912 1135 2994 obitumque
1148 2911 1287 2995 peregit

338 3090 477 3156 Flavius
491 3087 665 3174 Vopiscus
682 3090 896 3174 Syracusius,
912 3093 946 3156 iu
962 3090 1085 3171 Firmo,
1099 3096 1159 3158 ac.
1175 3112 1252 3178 cap.
1266 3093 1299 3158 1.

260 3289 268 3306 ,
317 3223 531 3290 Minusculos
544 3229 700 3308 tyrarmos
720 3224 794 3289 scio
815 3223 999 3308 plerosque
1013 3225 1173 3302 tacuisse,
1187 3231 1247 3289 aut
1259 3225 1367 3290 breri-

274 3330 323 3390 ter
338 3326 555 3408 praeteriisse.
582 3322 673 3388 Nam
687 3330 723 3387 et
734 3323 917 3389 Suetonius
932 3324 1158 3408 Tranquillus,
1167 3325 1365 3390 emendatis·

274 3425 382 3489 simus
405 3432 439 3490 et
464 3425 722 3491 candidissimus
749 3427 902 3508 scriptor,
925 3424 1105 3490 Antonium
1129 3434 1163 3491 et
1187 3425 1364 3490 Vindicem

273 3526 392 3604 tacuit,
408 3531 583 3592 contentus
595 3544 648 3603 co,
662 3524 753 3609 quod
767 3543 828 3589 eos
843 3525 966 3590 cursim
977 3527 1221 3608 perstrinxerat.

745 3673 844 3741 Mox.

315 3791 358 3856 Et
378 3791 421 3858 dc
444 3793 604 3858 Suetonio
626 3811 690 3856 non
712 3793 879 3870 miramur,
901 3793 960 3878 cui¹
983 3793 1145 3860 familiare
1166 3796 1229 3860 fuit
1250 3816 1362 3863 amare

272 3893 478 3957 brevitatem.

602 4019 695 4082 idem
710 4020 746 4084 iu
761 4019 875 4085 Probo
889 4039 965 4104 cap.
981 4021 1033 4085 ll.
1128 3989 1142 4014 ⁹

315 4131 360 4195 Et
375 4132 456 4198 mibi
472 4134 603 4217 quidem
623 4134 658 4197 id
678 4137 779 4200 animi
795 4137 870 4215 luit,
884 4157 948 4202 nou
970 4142 1006 4201 ut
1028 4137 1217 4218 Sallustios,
1233 4141 1361 4217 bivios,

271 4234 421 4313 Tacitus,
434 4235 577 4317 Trogos,
593 4245 697 4320 atque
720 4255 834 4304 omnes
856 4236 1095 4307 disertissimos
1113 4241 1258 4307 imitarer
1273 4245 1360 4308 viros
