3216 4918
316 374 381 439 472
737 393 767 439 c.
791 389 968 439 sunnonn

315 535 407 599 buit:
430 533 574 615 reliquos
596 535 701 614 gentis
723 533 885 618 ejusdem,
903 535 956 598 rel
978 535 1099 600 similia
1122 543 1299 614 sectantes,
1315 536 1404 602 Urbe

278 713 283 724 ,
315 637 502 712 summovit,
521 636 585 698 snb
612 653 713 715 poena
737 642 907 717 perpetuae
932 636 1111 715 servitutis,
1140 639 1205 700 nisi
1233 638 1405 722 obtempe-

312 743 456 800 rassent.
501 735 638 818 Expulit
664 744 697 800 et
725 737 1013 802 mathematicum*
1047 737 1107 800 sed
1135 737 1404 820 deprecantibus,

314 857 366 908 ac,
402 857 440 900 se
477 844 581 900 artem
611 837 785 915 desituros,
820 838 1102 921 promittentibus,
1132 839 1263 901 venium
1300 839 1405 904 dedit.

314 937 398 1020 [37.]
430 936 470 1000 In
504 938 620 1019 primis
642 938 770 1002 tnendae
797 937 894 1019 pacis
917 955 939 1000 a
961 939 1178 1018 grassaturis·
1200 957 1241 1002 ac
1255 947 1280 976 ¹⁰
1301 938 1406 1004 latro·

313 1040 409 1102 ciniis
438 1038 704 1122 seditionumque
733 1040 866 1104 licentia
905 1057 1019 1102 curam
1054 1037 1183 1102 habuit.
1236 1039 1405 1104 Stationes

311 1141 455 1204 militum
470 1159 532 1223 per
547 1141 683 1205 Italiam
699 1142 799 1205 solito
815 1139 1052 1220 frequentiores
1067 1139 1242 1223 disposuit.
1281 1139 1403 1206 Romm

312 1248 423 1306 castra
438 1244 624 1319 constituit,
639 1243 761 1325 quibus
782 1242 995 1306 Praetorianae
1016 1239 1199 1318 cohortes,b
1213 1259 1309 1322 vagae
1324 1249 1403 1306 ante

310 1343 346 1406 id
360 1347 499 1426 tempus,
515 1352 549 1407 et
564 1364 623 1427 per
637 1343 797 1426 hospitiac
812 1343 981 1424 dispersae,
997 1343 1248 1407 continerentur.
1287 1341 1403 1424 Popu-

242 1432 248 1450 ⁸
311 1445 399 1508 lares
412 1447 572 1509 tumultus
586 1453 618 1509 et
634 1450 742 1509 ortos¹
756 1444 951 1527 gravissime
963 1442 1121 1519 coercuit,
1133 1447 1175 1523 et,
1183 1461 1226 1506 ne
1235 1442 1404 1510 orirentur,

312 1543 430 1610 sedulo
452 1549 551 1611 cavit.
605 1545 707 1611 Caede
735 1547 770 1610 in
792 1545 920 1609 theatro
943 1563 1000 1627 per
1023 1545 1224 1607 discordiam
1244 1543 1403 1608 admissa,

311 1649 424 1730 capita
433 1645 630 1712 factionumd
647 1657 680 1712 et
692 1648 880 1724 histriones,
891 1655 1026 1729 propter
1037 1652 1140 1726 quos²
1153 1644 1403 1723 dissidebatur:

310 1747 489 1829 relegavit3
513 1768 584 1827 nec,
600 1757 637 1815 ut
651 1753 833 1824 revocaret,
850 1765 994 1828 unquam
1018 1745 1095 1808 ullis
1111 1747 1227 1827 populi
1243 1747 1403 1828 precibus

310 1849 424 1931 potuit
445 1851 563 1913 evinci.
618 1849 703 1914 Cum
726 1847 932 1912 Pollentina³
955 1842 1071 1929 plebs‘
1099 1847 1198 1909 funus
1228 1846 1401 1930 cujusdam

760 2013 772 2030 Ι
777 2009 942 2031 ΙΜΏΝθ

312 2131 401 2177 1.-1o
409 2129 443 2176 Et
454 2129 509 2178 intr.
521 2128 599 2178 Vind.
609 2134 634 2178 t.
646 2128 712 2178 Edd.
726 2129 798 2176 Rom.
820 2126 882 2175 Mox
889 2127 1048 2188 frequentiore
1060 2124 1134 2174 liula.
1143 2129 1166 2172 et
1178 2125 1238 2172 idem
1249 2126 1400 2186 creincort.

310 2193 369 2255 crrj.
382 2193 456 2240 Voss.
466 2193 513 2242 Ed.
529 2195 599 2242 Rorrr.
610 2197 708 2242 seo—l
728 2193 793 2241 Hac
805 2198 845 2239 est
857 2192 933 2239 lectio
952 2189 1056 2239 Memor.
1075 2189 1154 2238 Polit.
1171 2189 1239 2237 Duo.
1256 2189 1367 2252 Gnelplr.
1377 2195 1402 2240 8.

308 2256 386 2304 Vind.
396 2261 418 2305 l.
431 2257 495 2319 Cop.
504 2257 563 2319 an.
576 2258 642 2306 uode
653 2258 723 2318 Lips.
735 2270 815 2316 marg.
825 2254 912 2303 allevit
924 2258 946 2301 et
956 2260 1058 2302 exortos.
1081 2253 1167 2314 Vulgo
1175 2254 1330 2302 exertoasine
1344 2267 1402 2316 par·

310 2320 399 2369 tienls.
431 2321 494 2368 Tum
505 2326 607 2370 urerent.
620 2323 719 2382 recepit
732 2321 818 2368 Burm.
831 2333 846 2367 e
858 2319 962 2368 Menum.
984 2316 1051 2379 quod
1072 2317 1206 2379 scripturae
1226 2317 1315 2364 ritiurn
1327 2318 1401 2368 duait

308 2384 417 2445 Baumg.
429 2384 460 2434 V.
470 2385 530 2434 Ern.
540 2385 572 2432 ad
585 2387 609 2433 lr.
617 2387 682 2434 l.-2
695 2386 763 2440 Quod
775 2383 880 2432 Memm.
890 2380 1046 2445 defendique
1058 2395 1131 2440 posse
1142 2381 1232 2428 Burni.
1243 2382 1351 2430 oenatria.
1370 2381 1401 2430 ln

309 2449 380 2496 Dun·
391 2448 469 2497 Vind.
483 2454 505 2498 1.
517 2450 607 2511 Cemp.
620 2449 694 2497 desid·
721 2449 783 2498 Mox
803 2461 903 2509 unquam
914 2446 1000 2494 exulat
1014 2459 1028 2492 a
1040 2443 1136 2494 Medic.
1145 2447 1169 2492 t.
1180 2451 1217 2506 et,
1231 2445 1321 2507 jndice
1331 2445 1400 2496 Ond.

309 2511 400 2561 abesse
412 2517 554 2575 potera-t
568 2515 662 2564 Peleoi.
673 2513 737 2562 Mes.
754 2518 781 2560 et
793 2511 859 2560 Edd.
870 2509 995 2559 nonnulli.
1012 2509 1122 2559 Potentia
1137 2509 1209 2559 Cort.
1241 2509 1310 2558 Dein
1321 2509 1398 2559 solito

800 2655 909 2708 NOTAE

340 2762 350 2786 ²
377 2754 569 2818 Mathematicus]
598 2753 696 2803 Horum
719 2753 831 2817 appella·
904 2770 914 2795 c
926 2761 1099 2824 Perioepitia]
1119 2759 1178 2811 Hoc
1189 2767 1239 2817 est,
1251 2776 1299 2825 per
1309 2761 1398 2812 domos

307 2830 387 2890 tione,
408 2839 434 2878 et
454 2830 495 2878 hic
517 2838 544 2878 et
565 2845 652 2894 snpra,
674 2829 832 2894 intelligendi
873 2837 1007 2900 Romanae,
1024 2837 1049 2886 in
1067 2837 1187 2900 Augusto
1205 2851 1261 2900 cap.
1272 2842 1312 2888 tu.
1330 2839 1398 2901 qnod

307 2905 432 2954 duntaxat
443 2907 486 2970 qni
497 2907 660 2970 astrologiam
672 2906 782 2971 aliasque
794 2907 832 2955 di·
872 2915 981 2978 impulsu
990 2913 1077 2976 Sejaai
1088 2911 1184 2964 factum
1196 2921 1283 2962 narrat
1292 2913 1397 2963 Tacitus

308 2981 447 3032 vinetorias
474 2987 544 3030 artes
571 2982 766 3046 profitebantur,
788 2983 832 3046 qui
872 2987 1074 3040 llb.1v.Annal.

307 3057 368 3121 quia
395 3071 458 3106 rana
486 3055 628 3106 futurorum
661 3058 832 3121 predictions
903 3063 1399 3128 dcapieasacimm]1{000n‚pfiu.

307 3132 486 3194 serpentulus
508 3132 661 3190 illudebant.
687 3135 728 3183 vel
753 3134 831 3182 etiam
871 3141 945 3204 cipes
964 3141 1105 3205 enjouitet
1126 3140 1246 3190 fectionis
1266 3142 1397 3192 histrioni-

306 3205 394 3257 sorean
406 3209 451 3258 hac
470 3207 525 3270 illia
542 3209 575 3257 de
592 3223 675 3265 etun·
687 3209 754 3273 quod
771 3225 831 3262 rara
872 3232 919 3267 cer.
947 3218 1024 3268 Unde
1041 3219 1161 3283 colligere
1178 3225 1227 3280 eat,
1247 3218 1398 3268 histrionum

307 3283 460 3346 quandoque
473 3283 830 3346 predicerent,'1'lberionon
870 3294 1083 3358 quemadmodum
1118 3301 1146 3344 et
1178 3294 1398 3358 quadrigariorum

306 3358 454 3421 placebant.
487 3362 530 3410 De
551 3360 644 3424 quibus
663 3362 744 3411 multa
762 3362 831 3427 apud
871 3369 999 3421 factiones
1010 3372 1153 3434 appellatae
1164 3369 1294 3431 fnisse,de
1306 3372 1398 3434 quibus

305 3433 425 3484 Tacitum
438 3435 539 3498 passim.
870 3445 938 3495 infra
956 3447 982 3497 in
1001 3447 1118 3508 Caligula
1134 3459 1192 3508 cap.
1206 3449 1246 3494 18.
1265 3453 1292 3494 et
1311 3450 1350 3494 tid.
1369 3454 1397 3495 et

338 3511 529 3576 ⁸Gruesuturis]
556 3513 638 3575 Supra
666 3514 691 3562 in
713 3513 830 3580 Angusto
871 3521 977 3570 Nerone
988 3536 1046 3584 cap.
1057 3525 1098 3570 td.

303 3590 416 3648 tanti.
668 3639 671 3648 ,
902 3598 1108 3661 eDe'eer'detatnr]
1135 3597 1232 3646 Eodem
1257 3595 1326 3647 forta
1352 3607 1400 3650 aut

338 3663 524 3714 ''Proelvtt'm
540 3663 655 3729 cobortes]
678 3666 748 3719 Quid
767 3667 830 3733 tint,
870 3673 945 3724 ainrili
967 3671 1042 3723 modo
1066 3687 1116 3738 quo
1138 3685 1217 3736 supra
1234 3674 1260 3722 in
1279 3673 1399 3734 Augrrsto

304 3739 329 3787 in
354 3738 471 3803 Angusto
493 3755 551 3803 cap.
575 3745 631 3790 ltili.
666 3742 829 3795 ludecastra
869 3755 976 3814 capto.
1009 3749 1149 3798 Dimidium
1170 3749 1296 3812 ejusmodi
1314 3749 1398 3800 Jrrsti-

303 3815 347 3862 illa
360 3814 497 3879 Praetoria,
515 3815 547 3864 de
564 3816 656 3879 quibus
676 3817 717 3868 bie
735 3819 829 3882 agitur,
868 3827 936 3876 niani
954 3827 1157 3876 enutrientem
1174 3825 1300 3876 exarsisse
1316 3825 1397 3876 refert

304 3905 387 3953 prope
407 3889 484 3940 Urbis
503 3906 588 3940 muros
603 3893 731 3943 collocata
742 3907 828 3944 verens
868 3905 991 3965 Zonaras,
1002 3912 1071 3953 uteo
1083 3902 1254 3966 quadraginta
1268 3903 1396 3952 boninum

303 3966 430 4015 orientem
441 3967 536 4023 sotem,
551 3965 632 4016 forma
647 3969 782 4030 quadratu,
793 3971 830 4020 in·
872 3980 950 4028 nitu·
965 3977 1124 4028 ceciderint:
1143 3993 1201 4043 qne
1219 3993 1297 4029 erues
1313 3978 1395 4029 Jurn-

305 4046 346 4087 ter
359 4041 608 4102 porrssViminalem
620 4051 647 4092 et
660 4045 831 4108 Tiburtinam,
871 4054 947 4104 niano
968 4053 1047 4105 fuerit
1067 4053 1194 4104 factiones
1214 4054 1317 4116 penitus
1336 4052 1396 4102 abo·

303 4121 334 4161 nt
347 4115 427 4164 refert
439 4117 599 4182 Onnpbriua,
608 4128 635 4171 et
645 4123 732 4188 colligi
743 4131 830 4188 potest
870 4130 946 4180 leudi.

303 4203 336 4240 ἐκ
350 4191 453 4242 Nerone
464 4207 521 4258 0³1³·
533 4199 573 4246 48·
901 4203 1133 4271 ‘Pollentiaoplebd
1150 4206 1285 4257 Pollentia
1293 4207 1395 4270 plorem
