3094 4914
369 433 413 506 94
801 455 835 503 o.
857 453 1036 504 surrenti

371 599 490 664 etituta
501 603 606 662 erent.
650 595 830 675 Athletae,¹¹²
845 597 955 662 studio
964 604 978 632 ¹¹
1000 595 1045 661 ad
1060 603 1193 679 tempus
1207 589 1398 673 exstructo,
1413 594 1464 658 in¹

370 699 505 781 regione
523 699 638 764 Martii
659 699 769 782 eempi
794 705 1027 763 certaverunt²
1052 696 1293 781 pertriduum.
1340 695 1466 762 Navali

370 801 502 884 praelio,
516 803 551 866 in
567 801 696 864 minore
717 799 849 864 Codeta
860 807 893 846 ³⁰
919 799 1053 862 defosso
1068 799 1171 875 iaeu,¹’
1195 797 1341 861 biremes
1354 815 1401 861 ae
1415 796 1465 859 tti-

369 921 476 966 remes
490 900 785 985 quadriremesque
795 899 908 984 Tyriae
924 903 959 962 et
974 899 1144 983 AEgyptiae
1159 899 1301 963 elassia⁴
1314 905 1329 944 ‘¹
1343 917 1466 980 magno

370 1009 590 1086 pugnatorum
612 1020 748 1066 numero
770 999 1002 1065 conflixerunt.
1047 998 1102 1063 Ad
1119 1007 1218 1082 quee⁵
1242 1001 1355 1063 omnia
1371 1019 1468 1082 spec-

369 1106 482 1168 tacula
498 1110 625 1168 tanturn
640 1101 789 1186 undique
806 1101 970 1167 confluxit
982 1101 1165 1176 hominum,
1188 1105 1226 1164 ut
1241 1101 1396 1183 plerique
1413 1101 1468 1165 ad-

369 1223 465 1270 renae
488 1211 547 1268 eut
568 1205 654 1268 inter
677 1203 783 1280 ticos,
806 1211 867 1267 aut
892 1203 1067 1267 intervias
1093 1201 1319 1266 tabernaculis
1343 1201 1468 1284 positis

366 1314 554 1386 manerent3
570 1326 611 1371 eo
627 1325 721 1388 soepe
733 1324 804 1387 prm
819 1305 915 1369 turba
930 1301 1030 1368 elisi⁶
1045 1303 1296 1386 exanimatique
1311 1305 1379 1368 sint
1394 1303 1468 1387 plu·

368 1409 455 1486 rimi,
477 1415 512 1471 et
531 1407 566 1470 in
588 1407 639 1472 bis
661 1406 729 1471 duo
752 1407 943 1470 Senatores.
995 1407 1075 1488 [tu]
1096 1403 1288 1469 Conversus
1317 1405 1399 1469 hino
1426 1405 1467 1468 ad

369 1507 589 1573 ordinandum
607 1507 822 1590 Reipublicae
838 1516 975 1586 statum,
991 1507 1102 1572 fastos
1118 1507 1288 1586 correxit:
1307 1507 1384 1590 jam
1401 1508 1467 1589 pri·

827 1686 885 1706 OM
886 1685 1005 1708 ΙΙΙΙΙ

368 1800 445 1849 Vere.
456 1799 501 1848 lib.
512 1812 551 1849 tr.
561 1797 595 1848 de
606 1797 683 1848 Anni.
694 1813 718 1849 e.
729 1803 770 1848 11.
793 1797 835 1847 Cf.
845 1798 902 1848 lib.
917 1812 977 1863 erp.
994 1803 1081 1848 10.-1
1102 1800 1197 1849 Delent
1214 1799 1428 1862 praepositionem
1444 1801 1468 1848 ia

370 1863 453 1914 Gran.
463 1864 525 1912 Ere.
537 1864 626 1913 Burin.
639 1863 709 1912 oud.
720 1877 777 1912 eum
789 1863 895 1913 Merum.
904 1863 977 1912 Med.
990 1869 1013 1913 1.
1028 1867 1053 1912 t.
1068 1863 1113 1912 red
1126 1863 1242 1926 reporuit
1254 1863 1313 1925 Bip.
1330 1871 1358 1912 et
1376 1871 1467 1926 portet

369 1927 478 1991 Benmg.
489 1934 517 1977 et
527 1927 565 1976 ite
575 1927 686 1990 Geeipb.
699 1932 722 1976 1.
732 1928 810 1976 Bere·
821 1930 894 1977 1.-1
912 1928 993 1991 Gump.
1003 1929 1090 1977 deeert.
1103 1927 1186 1976 ithed.
1195 1931 1218 1976 1.
1240 1925 1293 1975 Atti
1305 1927 1469 2004 distinguunt

367 1997 526 2042 mtrem.
551 1990 602 2040 Per
617 1993 675 2040 trid.
685 2005 740 2040 nee.
750 1994 838 2054 pre-⁸
857 1991 996 2054 Perploret
1008 1991 1071 2040 editi
1082 1997 1161 2055 etque
1171 1990 1262 2053 reripti
1274 1989 1372 2040 babent
1384 2005 1411 2040 aa
1423 2007 1468 2040 rre-

368 2069 420 2104 τα
435 2056 543 2116 eeriiea,
559 2057 786 2119 quemieetionem
800 2061 872 2105 reete
889 2055 1035 2105 emendarit
1047 2055 1163 2104 Turneb.
1175 2054 1242 2103 Adr.
1254 2066 1335 2103 mr.
1346 2069 1373 2103 e.
1387 2060 1427 2106 ld.
1444 2055 1468 2104 ia

367 2122 457 2169 nime
468 2121 566 2179 Codeta,
577 2128 605 2169 et
615 2121 651 2169 ita
661 2116 784 2168 exhibent
796 2119 950 2168 retuetiorer
958 2125 987 2168 et
995 2119 1113 2168 meliores
1122 2117 1198 2167 redd.
1209 2118 1321 2167 tertibtu
1329 2119 1470 2176 Beroaldo,
1543 2147 1544 2150 =

369 2183 530 2246 Reueoneto,
545 2184 617 2234 Terr.
638 2183 708 2232 Pitb.
724 2182 840 2233 Groeiot.
852 2190 890 2245 et,
901 2183 945 2246 qui
961 2183 1026 2232 deor
1041 2198 1069 2231 re
1081 2183 1175 2231 vidisse
1192 2182 1238 2238 ait,
1251 2182 1306 2233 Joe.
1323 2183 1468 2246 Scaligero.

368 2245 508 2298 Aeeedunt
524 2247 564 2296 hie
576 2247 649 2297 Med.
660 2252 684 2298 1.
701 2247 817 2297 aviae.
836 2250 860 2295 1.
876 2259 963 2309 mergo
982 2247 1028 2296 Ed.
1047 2247 1154 2296 Mediol.
1170 2261 1228 2296 eum
1247 2245 1344 2310 Lipeio,
1359 2247 1467 2298 Memor.

369 2311 444 2362 Huie.
457 2312 508 2361 deo
519 2311 584 2362 bibl.
594 2311 672 2376 regie
684 2311 768 2360 Puris.
780 2311 891 2360 Careub.
902 2309 986 2372 citati,
994 2319 1021 2360 et
1033 2319 1108 2360 retur
1121 2311 1201 2372 bugd.
1211 2310 1260 2359 Ed.
1273 2313 1396 2360 itte-t
1407 2313 1468 2360 Vui-

369 2389 402 2438 go
413 2377 505 2425 cium.
530 2374 642 2425 Ceraub.
654 2375 790 2437 rereriprit
801 2376 908 2424 riunire
920 2375 1027 2430 Mamm.
1045 2381 1072 2423 et
1083 2375 1176 2436 Caper.
1188 2373 1256 2438 quod
1270 2375 1348 2426 etiam
1360 2389 1469 2439 recepe·

368 2446 429 2488 runt
441 2438 529 2489 θην.
541 2437 623 2489 Gron.
635 2439 725 2490 Burm.
737 2438 808 2489 oud.
826 2439 887 2488 Ere.
907 2446 934 2489 et
953 2439 989 2488 eie
1008 2439 1078 2487 Med.
1093 2444 1115 2486 1.
1127 2438 1215 2487 Petit.
1229 2437 1301 2487 Cori.
1313 2437 1383 2488 Edd.
1398 2439 1468 2492 Rom.

369 2501 435 2552 Bon.
446 2503 518 2554 Junt.
530 2503 612 2566 Lngd.
624 2501 686 2551 ΑΜ.
713 2502 812 2551 Bertbil
829 2502 912 2552 codex
923 2501 1044 2552 mendose
1058 2502 1123 2551 Tria
1137 2507 1218 2550 et.-b
1237 2505 1313 2565 Atque
1325 2501 1414 2554 Perit.
1435 2504 1468 2553 V.

360 2579 442 2636 repr.
453 2581 510 2631 erp.
520 2569 612 2616 ibeo
630 2567 699 2620 ΕΜ
711 2566 787 2617 Heia.
821 2567 890 2616 Delu
899 2567 1030 2618 eruam·
1040 2567 1095 2616 eine
1105 2579 1150 2629 que
1160 2565 1233 2616 Med.
1244 2570 1268 2616 1.
1279 2573 1306 2616 et
1317 2571 1375 2616 eret
1392 2567 1469 2617 vind.

861 2725 969 2778 NOTAE
1077 2737 1084 2750 ⁸

368 2837 525 2902 epitetoruru
536 2852 627 2888 curent
638 2836 785 2900 definirent,
796 2853 829 2888 ne
839 2853 898 2889 root
938 2839 1082 2904 dicoretur,
1104 2853 1155 2890 non
1184 2853 1258 2890 secur
1280 2853 1311 2888 ee
1334 2839 1467 2891 velabrum

369 2914 414 2964 elil
424 2913 480 2963 atti·
491 2915 572 2979 magio
587 2915 788 2964 contraherent:
801 2913 844 2965 'de
858 2916 897 2964 bie
938 2918 1020 2981 major
1032 2926 1059 2966 et
1071 2917 1153 2966 minue
1165 2915 1277 2978 reperire
1288 2921 1339 2964 eat.
1542 2969 1543 2976 χ

368 2991 444 3056 plura
453 2991 511 3040 ride
524 2991 551 3041 in
562 2989 654 3040 claud.
666 3004 725 3052 erp.
737 2993 776 3040 11.
970 3001 983 3036 r
999 2993 1075 3057 hert]
1095 2993 1183 3052 Forte,
1199 2990 1225 3040 io
1245 3005 1321 3055 quem
1338 3005 1416 3055 equ
1427 2993 1467 3041 'ii-
1542 3013 1543 3018 ¹

402 3075 421 3100 ¹
437 3065 553 3130 Atiietoe]
571 3066 615 3114 De
625 3065 664 3114 bie
675 3078 752 3127 rupte
761 3065 811 3115 boe
823 3077 882 3128 erp.
938 3067 1036 3119 basina
1049 3068 1238 3117 derivarentur.
1542 3059 1543 3074 ¹

402 3140 527 3204 ¹²Stirdiu]
545 3140 602 3189 iiee
615 3138 897 3202 ert,iocoaderrren·
970 3143 1343 3210 etprtaeetAEgyptr'aeiwia
1358 3144 1467 3208 [dam]

367 3220 431 3270 dum
451 3226 618 3284 eompereto;
645 3217 713 3282 quod
736 3217 814 3267 etiam
838 3215 897 3268 inde
937 3220 1469 3286 EmendetCareubonoraprieetAEgyp·

367 3293 602 3346 ‘rtadiodromum'
614 3299 642 3344 et
652 3301 660 3323 ¹
671 3291 841 3342 curriculum’
851 3307 897 3356 ap·
936 3299 972 3347 tie
985 3298 1075 3356 eham,
1087 3296 1151 3359 eive,
1167 3304 1195 3346 at
1209 3303 1251 3346 ert
1268 3297 1293 3345 in
1307 3297 1467 3346 Memmiana

369 3375 516 3438 pellarere:
534 3387 607 3422 meur
624 3372 692 3421 enirn
713 3379 755 3421 ert
770 3385 897 3420 mensure
936 3372 1126 3437 codiee,quem
1137 3374 1247 3422 uranium
1261 3373 1466 3436 antiquireirntun

368 3449 632 3509 nomen‚utRomanir
639 3447 796 3508 milliarium,
803 3446 898 3509 AEgyp-
937 3447 1073 3511 predieat,
1080 3447 1178 3496 Mamer
1187 3463 1215 3498 ue
1225 3447 1345 3512 trimeter,
1355 3449 1466 3514 Tyriaeet

365 3523 412 3574 tlir
423 3523 552 3583 romunt,
560 3525 612 3570 dre.
936 3522 1059 3584 AEryptioe
1069 3522 1159 3571 clude.
1182 3524 1227 3572 Ere
1239 3530 1326 3573 autem
1337 3535 1415 3574 erent
1427 3527 1466 3574 rei

401 3598 464 3647 ‘la
483 3597 573 3646 mirere
593 3597 695 3661 Gnate]
724 3597 826 3658 tegunt
847 3596 898 3645 ile·
936 3597 969 3646 ed
979 3599 1114 3662 Tyriorum
1124 3606 1151 3648 et
1159 3598 1339 3663 AEgyptierum
1348 3601 1466 3652 rimiiitu-

369 3672 451 3724 roaid.
470 3678 499 3721 et
516 3669 661 3720 Sabellicut
672 3679 700 3721 et
710 3672 861 3721 'surrentina
871 3673 898 3722 itt
938 3673 1024 3723 dinem
1035 3682 1060 3722 et
1070 3673 1238 3724 imitationem
1248 3672 1339 3736 freter,
1348 3676 1417 3739 quod
1431 3677 1466 3726 iiii

368 3746 572 3809 mortue,
582 3761 639 3811 que
656 3745 734 3796 leutio
746 3745 896 3796 admittere-
937 3752 1025 3814 popeli
1043 3751 1162 3801 Nautieae
1179 3752 1242 3802 artie
1263 3753 1416 3816 peritireimi
1432 3753 1467 3803 io·

368 3831 419 3896 tur,
428 3823 454 3872 ni
463 3822 575 3886 pdotem
588 3829 629 3872 tot
639 3822 756 3872 codicum
768 3821 896 3870 rtabiiiret
937 3835 1005 3883 rent,
1017 3827 1058 3875 rei
1074 3826 1218 3882 accersite,
1232 3826 1273 3876 uel
1292 3825 1363 3877 bello
1380 3838 1465 3893 eapte

368 3899 516 3949 auctoritas.
549 3896 651 3948 Codeta
665 3905 799 3948 aetemex
817 3897 896 3946 Ferro
937 3907 966 3950 et
983 3901 1009 3949 in
1026 3899 1052 3950 id
1071 3908 1191 3950 terrete.
1223 3899 1297 3950 Idem
1309 3901 1344 3950 de
1359 3902 1466 3953 ilbodiir

368 3980 396 4023 et
406 3974 513 4024 Victore
523 3972 550 4021 iu
562 3971 669 4035 regione
677 3975 717 4021 lt.
729 3979 786 4021 eret
792 3969 896 4036 qnidam
935 3983 965 4026 et
974 3976 1068 4027 Siculis
1079 3976 1171 4026 Claud.
1183 3991 1241 4039 erp.
1252 3979 1293 4026 rt.

366 4062 431 4112 eger
442 4050 474 4098 ad
482 4047 595 4097 'liberitn
606 4049 674 4099 eirea
684 4048 808 4099 Mettium
822 4047 895 4097 Cem-
968 4057 978 4088 1
991 4051 1076 4101 rasta·
1085 4051 1201 4114 conexit]
1214 4050 1317 4102 iiiluti
1328 4054 1466 4113 runtlibri.

369 4135 441 4186 pum.
474 4123 549 4172 Unde
570 4123 713 4187 conjicient
730 4123 897 4186 interpreter,
933 4126 1028 4192 quibua
1045 4127 1104 4176 enni
1122 4127 1262 4190 deroriptio
1274 4135 1303 4178 rt
1319 4143 1409 4179 ceurae
1420 4130 1467 4179 iet·

369 4197 499 4260 duplicem
510 4195 588 4246 tuine
597 4197 848 4262 Codetem,qnernm
859 4199 897 4248 ai·
936 4210 1020 4252 torum
1031 4201 1204 4265 explicentur.
1226 4203 1384 4256 Celenderia
1394 4219 1465 4256 more

316 4265 319 4276 '
369 4281 427 4328 ten
446 4273 478 4326 ad
497 4275 602 4325 alteriue
620 4272 794 4327 differendam
812 4276 896 4326 minor
935 4283 1023 4328 nortro
1034 4277 1122 4331 dicere
1133 4292 1275 4343 porrorum·
1307 4325 1311 4332 .
