3120 4926
600 457 848 508 rossilionis.

444 653 502 720 Kal
516 652 578 742 γάρ
590 653 618 718 r'
631 651 697 741 imp
710 657 742 718 la
756 653 823 730 Ait,
835 656 923 720 iuria.

182 795 300 862 Refert
328 803 454 874 minen,
484 805 646 863 eventura
675 798 799 876 soleas,
823 818 864 864 an
894 799 1069 878 contraria,
1101 802 1279 870 somniare.

182 897 271 963 mim
291 898 461 982 reputanti
483 901 650 964 sornninm
666 919 777 966 meum
790 901 895 980 istud,
911 903 1004 985 quod
1017 904 1113 968 times
1126 908 1174 982 tu,
1188 923 1280 988 egre-

182 999 273 1082 mam
297 1002 467 1066 actionem
492 999 689 1084 portendere
710 1002 851 1069 ridetur.
894 1003 1119 1088 Susceperam
1142 1023 1281 1071 causam

181 1101 270 1166 Julii
292 1100 460 1178 Pastoris,
483 1121 561 1167 cum
583 1103 663 1168 mihi
688 1103 876 1187 quiescenti
898 1104 972 1169 risa
994 1111 1049 1170 est
1070 1123 1189 1170 socrus
1206 1121 1282 1170 mea

182 1203 348 1268 adrolma
362 1205 512 1285 genibus,
526 1221 570 1267 ue
585 1221 728 1286 agerem,
743 1205 930 1269 obsecrare.
973 1203 1018 1270 Et
1031 1219 1123 1270 eram
1143 1212 1280 1270 acturus
1325 1273 1332 1292 ,

182 1303 451 1370 adolescentulus
471 1304 601 1370 adbuc:
625 1321 715 1370 eram
737 1307 772 1370 in
794 1305 1007 1388 quadruplici
1023 1305 1173 1390 judicio:
1193 1323 1282 1372 orem

182 1413 304 1472 contra
325 1407 578 1490 potentissimos
600 1408 758 1485 civitatis,
781 1415 885 1491 atque
908 1408 1011 1472 etiam
1035 1406 1183 1474 Caesaris
1198 1409 1282 1473 ami·

181 1524 264 1572 cos:
286 1525 362 1591 quae
388 1509 520 1592 singula
544 1515 702 1574 excutere
723 1515 864 1574 mantem
886 1509 968 1574 mihi
988 1519 1070 1593 post
1090 1517 1159 1576 tam
1184 1509 1281 1574 triste

182 1609 350 1673 somnium
366 1615 528 1693 poterant.
574 1609 637 1693 Egi
650 1617 764 1674 tarum
778 1608 967 1694 λογισάμενος
981 1610 1075 1692 illud,

358 1741 410 1818 Εἷς
425 1743 514 1819 οἰωνὸς
525 1742 641 1831 ἔρωτος
653 1742 812 1828 ἀμύνασθαι
827 1747 888 1831 περὶ
902 1743 1020 1832 πάτρης.

184 1877 276 1942 Nam
297 1879 378 1944 mihi
401 1881 523 1964 patria,
545 1887 580 1945 et
601 1880 732 1964 siquid
759 1883 872 1946 carius
893 1883 1017 1964 patria,
1038 1883 1122 1948 fides
1145 1884 1282 1950 rideba-

183 1985 249 2043 tur.
300 1978 468 2062 Prospere
493 1983 616 2047 cessit:
648 1987 750 2065 atque
771 1984 858 2049 adeo
882 1984 943 2048 illa
967 1985 1056 2050 actio
1079 1986 1162 2050 mihi
1187 2004 1282 2050 aures

183 2081 366 2159 hominum,
380 2082 439 2146 illa
454 2081 594 2166 januam
608 2084 709 2149 famae
729 2084 907 2167 patefecit:
930 2083 1068 2168 proinde
1081 2083 1223 2169 dispice,
1239 2105 1282 2150 au

184 2187 222 2245 tu
237 2201 372 2267 qnoque
392 2184 457 2247 sub
481 2185 543 2248 hoc
559 2184 716 2267 exemplo
733 2184 899 2249 somnium
913 2183 1004 2248 istud
1021 2185 1194 2250 iubenum
1207 2203 1283 2249 ver-

184 2290 261 2348 tas:
284 2290 344 2348 aut
358 2285 387 2348 si
402 2285 507 2348 tutius
522 2290 634 2368 putas,
648 2285 731 2350 illud
751 2285 938 2350 cautissimi
953 2285 1116 2370 cujusque
1130 2304 1284 2369 praecep·
1419 2335 1427 2346 .

184 2391 267 2464 tum,
289 2385 402 2467 ‘quod
426 2385 571 2463 dubitas,
592 2406 634 2449 ne
655 2385 797 2464 feceris,'
817 2385 852 2450 id
872 2387 987 2470 ipsum
1012 2385 1166 2451 rescribe.
1211 2383 1283 2467 Ego

185 2485 333 2568 aliquam
358 2486 531 2569 stropham
557 2487 735 2564 inveniam,
762 2507 925 2570 agamque
951 2505 1087 2552 cansam
1115 2495 1219 2565 tuam,
1243 2495 1283 2549 ut

186 2587 295 2670 ipsam
311 2606 409 2669 agere
423 2607 498 2652 cum
515 2596 551 2652 tu
565 2588 660 2652 voles
676 2588 802 2670 possis.
840 2587 904 2654 Est
918 2589 1003 2653 enim
1018 2607 1099 2652 sane
1112 2588 1181 2652 alia
1194 2588 1287 2676 ratio¹

186 2695 257 2765 tna,
269 2687 339 2753 alia
350 2708 427 2752 mea
438 2688 518 2753 suit:
541 2707 618 2754 nam
630 2689 797 2772 judicium
809 2690 1045 2764 centumvirale
1053 2688 1176 2754 differri
1189 2690 1282 2754 nullo

185 2789 299 2868 modo,
314 2789 403 2854 istud
422 2809 508 2872 aegre
523 2791 666 2873 quidem,
680 2790 738 2854 sed
753 2798 866 2856 maren
886 2794 1010 2873 potest.
1052 2788 1152 2856 Vale.

331 2989 427 3053 Idem
440 2988 637 3072 Tranquillo
652 3006 713 3052 suo
728 2987 765 3052 S·
795 2987 907 3070 Epist.
924 2988 1000 3053 Lib.
1018 3005 1072 3052 rx.
1086 2989 1141 3054 at.

231 3121 380 3205 Explica
395 3129 513 3188 aestum
528 3139 647 3186 meum.
692 3119 805 3184 Audio
827 3140 879 3185 me
896 3118 984 3185 male
1001 3120 1107 3203 legere
1120 3118 1285 3187 duntaxat

186 3243 321 3289 versus:
344 3224 513 3290 orationes
527 3225 612 3287 enim
628 3223 848 3299 commodius,
858 3223 917 3287 sed
928 3228 1022 3288 tanto
1034 3223 1283 3285 minueremus.

186 3325 309 3409 Cogito
323 3346 413 3407 ergo,
427 3325 627 3390 recitaturus
640 3322 865 3389 familiaribus
880 3323 1011 3399 amicis,
1026 3322 1171 3406 expertri
1185 3321 1283 3386 liber·

186 3435 259 3492 lum
273 3447 393 3491 meon.
438 3427 517 3490 Hoc
540 3445 676 3509 qnoque
698 3423 873 3501 semidam,
889 3424 981 3508 quod
1002 3423 1086 3506 elegi
1107 3443 1174 3488 non
1189 3424 1285 3498 bene,

188 3530 247 3594 sed
260 3529 381 3593 melius
396 3517 466 3592 scio
480 3529 660 3592 lecturum:
684 3529 714 3592 si
733 3535 842 3591 mmcd
857 3545 923 3590 non
936 3525 1036 3591 fuerit
1049 3526 1284 3609 perturbatus:

188 3637 239 3696 est
254 3630 344 3694 enim
360 3637 429 3693 tam
442 3647 551 3692 novus
565 3629 685 3708 lector,
701 3648 802 3712 quarn
817 3648 880 3708 ego
895 3627 1007 3711 po'e'ta.
1052 3626 1133 3710 Ipse
1155 3626 1284 3701 nescio,

190 3731 273 3814 quid
286 3732 345 3794 illo
360 3730 490 3812 legente
505 3731 634 3794 interim
649 3731 782 3796 faciam.
817 3727 958 3793 Sedeam
974 3727 1102 3791 defixus
1118 3732 1151 3790 et
1162 3733 1285 3803 mutus,

189 3837 225 3897 et
244 3833 363 3896 similis
386 3833 518 3895 otiosol
542 3851 582 3894 an
604 3832 661 3917 (ut
675 3827 828 3914 quidam)
849 3849 926 3911 quae
943 3827 1184 3911 pronuntiabit,
1197 3845 1285 3890 mur·

189 3953 294 4011 mure,
311 3931 549 4015 ocullsffnanu
567 3934 769 4016 peraequari
814 3930 883 3997 Sed
905 3937 995 4013 pulo,
1017 3949 1070 3994 me
1089 3939 1156 3994 non
1174 3929 1284 3992 minus

188 4035 277 4100 male
292 4035 428 4109 saltare,
444 4051 545 4114 quam
559 4031 678 4116 legero.
722 4033 849 4098 lterum
871 4030 992 4109 dicam,
1011 4031 1144 4113 explica
1163 4036 1284 4095 aestum

188 4153 314 4214 meum,
333 4153 478 4216 vereque
499 4135 658 4211 rescribe,
678 4155 758 4198 num
780 4135 824 4198 sit
846 4134 967 4198 melius
992 4133 1137 4216 pessime
1160 4133 1282 4214 legero,

189 4252 292 4322 quam
307 4237 444 4302 istavel
459 4235 658 4311 nonfacere,
673 4235 725 4299 vel
740 4236 873 4324 facere.
905 4232 1007 4300 Vale.
1086 4249 1088 4254 ·
1185 4257 1190 4266 ·
