3120 4926
351 1125 1103 1220 BAUMGARTEN-CRUSH

534 1387 927 1474 PRAEFATIO·

580 1643 882 1684 Ἣ

181 1870 473 1974 Fnsrscrrrrarm,
494 1897 606 1983 'cujus
639 1899 820 1983 singularia
853 1899 896 1965 de
928 1899 1033 1966 literis
1061 1909 1098 1966 et
1124 1901 1275 1966 solidiori

181 2001 329 2064 maxime
349 2001 533 2066 eruditione
558 2000 675 2064 merita
698 2019 812 2065 omnes
837 2006 965 2078 norunt,
988 2020 1064 2065 cum
1080 2005 1160 2066 erite
1174 2002 1276 2067 trien*

180 2101 270 2164 nium
292 2102 469 2184 plerosque
493 2106 666 2166 auetomm
682 2100 920 2179 Romanorum,
943 2103 999 2185 qni
1022 2105 1054 2167 in
1071 2101 1196 2167 scholis
1211 2103 1275 2184 legi

181 2201 298 2278 solent,
322 2203 480 2266 contiuua
494 2203 580 2266 serie
597 2201 716 2266 edendi
731 2200 911 2266 eonsilium
926 2203 1084 2284 cepisset,
1106 2208 1207 2286 atque
1227 2203 1276 2269 ita

180 2301 326 2382 quidem,
349 2311 399 2380 ut,
421 2309 516 2366 textu
538 2301 581 2366 ad
601 2303 749 2386 optimas
761 2302 925 2367 editiones
940 2303 994 2366 rel
1009 2301 1138 2367 reddito
1151 2303 1205 2367 vel
1219 2321 1276 2367 ac·

179 2402 329 2468 curatius
344 2405 535 2480 constituto,
550 2403 662 2468 brevis
677 2403 1097 2486 annotatio‘subjieeretur,
1113 2420 1207 2488 quae,
1218 2421 1276 2467 ec·

180 2501 396 2567 commodata
408 2502 452 2567 ad
467 2502 794 2568 adolescentulorum
809 2503 953 2584 ingenia,
964 2504 1182 2580 removendis,
1197 2523 1274 2588 quar

179 2603 388 2683 gravissimas
407 2622 467 2668 eos
489 2603 684 2686 impediunt,
705 2601 958 2668 difficultatibus
979 2603 1156 2680 sufficeret,
1179 2605 1275 2686 eique

181 2721 292 2786 operm
307 2704 398 2768 viros
413 2705 559 2769 maxime
573 2703 781 2769 adhibendos
805 2705 972 2781 duxisset,
995 2705 1057 2794 qni
1077 2705 1111 2767 in
1137 2704 1299 2787 publica·

175 2802 361 2886 jurentutis
383 2805 591 2872 institutione
614 2807 751 2877 rermti,
773 2805 854 2890 quid
875 2805 1076 2871 conduceret
1099 2805 1149 2870 illi
1171 2806 1273 2880 aetati,

179 2905 376 2988 quotidiana
399 2907 607 2990 experientia
629 2908 757 2972 dissere
780 2907 883 2972 facile
904 2907 1109 2990 potuisseut;
1132 2923 1210 2987 quae
1224 2905 1274 2972 illi

178 3001 232 3069 'est
254 3004 322 3070 fere
344 3007 505 3074 translata
527 3010 571 3073 ab
599 3007 767 3074 Erlurdtio
791 3007 957 3092 qnondam
980 3015 1098 3071 nostro
1121 3023 1199 3086 erga
1221 3023 1274 3072 me

179 3107 342 3184 amicitia,
356 3116 394 3172 ut
404 3109 447 3174 ad
459 3127 538 3184 rem,
551 3109 650 3193 eujus
666 3130 733 3174 uon
747 3111 901 3192 exiguam
916 3113 1069 3191 speraret
1082 3106 1273 3184 utilitatem,

179 3207 243 3271 mei
257 3208 384 3291 aliquid
399 3210 523 3276 laboris
539 3212 737 3289 conferrem,
759 3211 900 3293 benigno
914 3209 956 3274 de
972 3206 1097 3272 studiis
1117 3207 1201 3270 meis
1219 3207 1274 3287 ju·

179 3306 270 3370 dicio
290 3308 513 3374 desiderabat.
558 3311 602 3374 Et
625 3329 702 3375 cum
725 3311 880 3391 eligendi,
901 3310 936 3372 in
960 3326 1027 3390 quo
1052 3307 1272 3378 elaborarem,

180 3407 326 3472 auctoris
342 3410 441 3491 copia
455 3411 566 3475 adhue
581 3415 785 3493 superesset,
809 3408 926 3473 incidit
948 3407 1060 3472 statim
1083 3408 1214 3472 animus
1238 3409 1273 3470 iu

181 3507 389 3586 Suetonium,
401 3518 435 3576 ut
449 3523 548 3596 quern
563 3513 608 3576 ob
620 3517 825 3578 contractam
838 3531 859 3576 a
870 3510 987 3594 pneris
998 3509 1274 3584 familiaritatem,

54 3635 58 3640 ·
180 3610 404 3676 cuutiuratam
420 3613 609 3696 perplures
628 3631 737 3678 anuos
759 3612 929 3695 publicam
952 3610 1274 3693 interpretationem,

179 3711 396 3793 multiplicem
411 3715 565 3797 denique,
581 3733 682 3798 quam
698 3714 943 3778 eruditissimus
959 3713 1097 3793 scriptor
1113 3709 1272 3791 suppedi-

181 3815 243 3882 tat,
264 3815 437 3880 materiam
457 3815 657 3898 jamdudum
681 3811 844 3878 intentiori
868 3811 980 3874 studio
996 3807 1273 3884 commendatum,

179 3913 299 3980 fnturae
314 3915 396 3980 ritae
410 3915 582 3982 laboribus
596 3916 723 3999 smpius
738 3915 970 3980 destinassem.
1007 3909 1128 3992 Neque
1142 3911 1271 3991 ignore-

179 4016 269 4092 bam,
292 4035 369 4100 quae
392 4019 437 4081 eb
463 4035 505 4082 eo
528 4018 665 4100 incepto
687 4017 870 4080 absterrere
884 4031 936 4079 me
955 4020 1095 4094 possent
1108 4011 1278 4091 rationesr.

157 4181 161 4188 ,
179 4118 282 4180 immo
292 4119 497 4200 reputabatur,
507 4122 634 4200 quotet
645 4117 761 4200 quales
769 4115 833 4181 riri
844 4114 1062 4179 emditiouem
1070 4131 1166 4178 suam
1177 4114 1213 4176 in
1220 4131 1271 4176 re·

179 4217 376 4282 censendum
391 4217 695 4302 explicandumque
709 4217 798 4282 huno
818 4224 985 4282 auctorem
1004 4213 1078 4298 J'am
1093 4212 1271 4280 conuertis-
