3120 4926
260 436 303 504 18
542 449 591 496 nu
614 447 804 496 sunrouro
828 446 1078 506 rusucuruuo

258 593 392 660 laudem
419 588 518 656 simul
545 594 786 667 assecuturum,
812 589 854 666 si,
884 587 973 672 quod
998 587 1074 670 ipsa
1097 587 1260 666 meruisti,
1284 589 1363 652 uliis

260 696 399 761 tribuas.
444 692 615 756 Praeterea
629 689 776 770 intelligo
793 688 874 753 mihi
890 707 1027 772 quoque
1042 689 1160 771 gloriae
1174 687 1258 767 lore,
1275 689 1305 753 si
1319 709 1365 752 ex

259 797 324 862 hoc
340 802 398 858 tuo
412 793 504 858 lacto
518 810 583 856 non
606 789 703 856 luerit
724 789 874 871 igriotum
897 789 1025 854 amicos
1045 807 1138 854 meos
1160 808 1230 852 non
1252 809 1365 870 gerere

260 901 385 962 tuntum
398 895 587 960 tribunatus
602 909 715 974 posse,
731 909 842 954 rerum
854 890 956 955 etium
970 889 1071 954 dare:
1093 907 1197 972 quare
1212 909 1275 972 ego
1286 907 1364 952 vero

260 996 505 1062 honestissimae
519 992 689 1058 voluntati
704 997 771 1056 tum
783 1009 894 1073 pareo.
940 990 1062 1073 Neque
1075 989 1162 1053 enim
1178 989 1288 1054 adbnc
1301 1007 1365 1054 no·

260 1116 338 1162 men
361 1098 397 1160 in
422 1113 573 1160 numeros
595 1093 738 1158 relatum
760 1099 833 1157 est:
856 1091 1001 1174 ideoque
1022 1091 1167 1156 liberum
1188 1097 1241 1156 ast
1265 1091 1365 1154 nobis

261 1199 444 1280 sylvanum
466 1193 633 1260 inlocum
655 1199 750 1258 tuum
773 1192 933 1257 subdere:
955 1192 1011 1256 cui
1033 1192 1136 1274 cupio
1152 1195 1220 1256 tam
1233 1199 1363 1274 matum

261 1317 339 1364 esse
353 1315 476 1362 munus
490 1303 594 1373 tuum,
609 1313 710 1379 quam
724 1291 789 1360 tibi
804 1311 910 1359 meum
926 1299 990 1358 est.
1033 1292 1135 1358 Vale.

392 1487 489 1554 Idem
504 1487 581 1554 Lib.
598 1502 639 1553 x.
653 1483 891 1571 Epistularum,
907 1483 950 1549 ud
960 1483 1158 1568 Trujuuum,
1170 1483 1227 1548 95.

305 1651 500 1717 Suetonium
527 1649 769 1736 Tranquillum,
798 1650 1050 1734 probissimum,
1078 1647 1363 1726 honestissimum,

262 1752 523 1818 eruditissimum
538 1755 657 1830 virum,
672 1760 708 1817 et
722 1771 832 1818 mores
846 1751 922 1835 ejus
945 1761 1084 1816 secutus
1098 1757 1132 1816 et
1145 1748 1267 1825 studia,
1276 1747 1364 1832 jum·

261 1851 402 1935 pridem,
421 1849 566 1930 domine,
585 1851 620 1916 in
632 1852 884 1918 coutubcmium
896 1853 1064 1916 assumsi:
1087 1856 1247 1934 tantoque
1258 1849 1364 1930 magis

263 1952 399 2034 diligere
428 1952 532 2036 coepi,
558 1957 684 2035 quanto
712 1951 801 2018 hunc
830 1955 967 2036 propius
990 1951 1135 2036 inspexi.
1187 1949 1282 2014 Huic
1306 1949 1366 2032 jus

261 2055 362 2118 trium
376 2053 553 2118 liberorum
569 2055 793 2119 necessarium
809 2053 940 2118 faciunt
955 2051 1034 2117 duee
1057 2045 1181 2119 ‘causan
1226 2051 1317 2117 Nam
1331 2058 1368 2114 et

258 2153 389 2237 judicia
402 2139 584 2220 amicorum
599 2163 816 2239 promeretur,
832 2164 867 2219 et
880 2173 998 2239 parum
1016 2153 1100 2220 lelix
1119 2153 1365 2220 matrimonium

262 2263 418 2338 expertus
439 2263 510 2320 est:
532 2257 841 2340 impetrandumque
865 2275 886 2320 a
907 2263 964 2320 tua
985 2255 1136 2321 bonitate
1152 2275 1210 2339 per
1223 2272 1286 2318 nos
1308 2253 1368 2317 luu-

263 2356 332 2432 b'et,
347 2353 438 2438 quod
451 2355 503 2419 illi
516 2355 657 2420 fortuuae
670 2357 863 2438 malignitas
878 2354 1069 2438 denegarit.
1115 2356 1208 2432 Scio,
1222 2354 1366 2431 domine,

264 2463 426 2539 quantum
449 2455 645 2520 beneficium
660 2465 786 2539 petam,
801 2457 890 2539 quod
907 2467 988 2540 peto
1004 2477 1026 2522 a
1040 2467 1085 2536 te,
1100 2457 1198 2540 cujus
1213 2459 1247 2521 in
1263 2455 1367 2520 omni-

264 2557 330 2619 bus
357 2556 530 2620 desideriis
559 2558 642 2621 meis
678 2556 908 2642 plenissimam
935 2558 1175 2642 indulgentiam
1203 2558 1366 2642 experior.

265 2660 370 2724 Potes
394 2660 483 2723 enim
505 2659 671 2740 colligere,
694 2668 899 2743 quantopere
920 2661 1064 2742 cupiam,
1082 2661 1172 2743 quod
1187 2681 1254 2726 nou
1269 2681 1366 2743 roga-

264 2781 331 2827 rcm
347 2762 481 2836 absens,
495 2761 525 2824 si
539 2757 745 2823 mediocriter
757 2767 916 2842 peterem.
938 2757 952 2774 ⁰

637 2959 804 3044 Trajanus
819 2957 932 3023 Plinio
952 2959 987 3023 S.

310 3089 422 3168 Quam
444 3111 546 3175 parce
566 3092 640 3156 baec
658 3089 820 3156 beneficia
841 3088 993 3170 tribuam,
1008 3092 1136 3176 utique,
1149 3091 1196 3156 mi
1215 3091 1367 3156 Secunde

267 3193 448 3269 carissime,
473 3191 580 3256 haeret
602 3192 674 3270 tibi,
697 3211 773 3256 cum
795 3193 896 3257 etiam
917 3193 952 3257 in
974 3202 1092 3260 senatu
1120 3192 1283 3258 affirmare
1310 3211 1366 3256 so-

264 3291 365 3367 leam,
384 3310 450 3356 nou
473 3292 662 3356 excessisse
682 3311 735 3355 me
756 3311 937 3370 numerum,
959 3313 1059 3377 quem
1081 3291 1173 3377 apud
1199 3293 1374 3377 amplissi-'

266 3411 356 3456 mum
372 3391 519 3456 ordinem
533 3391 750 3456 suffecturum
770 3393 853 3456 mihi
873 3393 1046 3474 professus
1064 3413 1158 3460 snm:
1180 3401 1241 3460 tuo
1255 3400 1366 3458 tumen

267 3491 436 3556 desiderio
451 3493 650 3574 subscripsi,
665 3501 698 3556 et
713 3501 749 3556 ut
763 3495 854 3558 scias
868 3494 1004 3559 dedisse
1024 3515 1078 3559 me
1094 3496 1153 3580 jus
1168 3495 1267 3562 trium
1281 3495 1366 3559 liba-

265 3612 374 3658 rorum
396 3594 561 3658 Suetonio
576 3593 771 3678 Tranquillo
792 3614 832 3660 ca
855 3595 1052 3675 conditione,
1067 3615 1136 3680 qua
1153 3599 1300 3674 assuevi,
1315 3616 1368 3661 re·

266 3695 345 3760 ferri
359 3693 394 3760 in
410 3696 666 3760 commentarios
677 3716 773 3760 meos
783 3696 882 3780 jussi.

410 3884 450 3949 0.
466 3885 555 3950 Plin.
570 3885 766 3971 Tranquillo
782 3907 845 3953 suo
860 3887 896 3952 S.
913 3887 1020 3972 Epist
1034 3889 1110 3954 Lib.
1128 3907 1152 3954 1.
1166 3889 1217 3955 18.

311 4001 438 4066 Scribis
460 4009 495 4066 te
516 4005 722 4086 perterritum
746 4005 876 4070 somnio
890 4007 1007 4082 vereri,
1020 4026 1062 4071 ne
1076 4007 1158 4091 quid
1173 4005 1307 4072 eduensi
1328 4007 1364 4070 in

267 4101 397 4165 actione
421 4103 583 4183 patieris:
604 4123 711 4186 rogas,
733 4114 772 4169 nt
790 4105 984 4172 dilationem
1006 4115 1128 4190 palam,
1150 4118 1184 4176 et
1204 4108 1367 4192 pauculos

267 4200 349 4266 dies.
395 4201 493 4268 Certe
508 4206 696 4286 proximum
709 4225 869 4274 excusem
884 4207 1017 4274 difficile
1032 4217 1097 4290 est,
1112 4209 1173 4277 sed
1188 4209 1350 4292 experiar.
