3208 4918
334 421 401 488 402
758 434 791 482 o.
813 432 994 484 sonromr

337 591 372 649 et
385 580 444 666 qui
458 579 620 658 suaderet,
635 578 894 663 appellationem
909 577 1035 644 mensis
1047 574 1195 660 Augusti
1215 577 1252 642 iu
1274 577 1434 662 Septem-

337 687 428 748 brem
457 681 717 747 transferendam
731 683 752 742 ι’
783 679 876 764 qnod
903 680 968 744 hoo
996 678 1130 762 genitus
1158 677 1344 760 Augustus,
1371 679 1435 743 illo

338 783 517 850 defunctus
528 790 639 862 esset3
652 783 750 860 alins,
763 789 804 846 ut
818 801 915 846 omne
929 787 1061 865 tempus
1075 799 1097 844 a
1112 781 1219 864 primo
1229 781 1284 845 die
1299 779 1409 851 natali
1420 787 1435 816 ²

338 887 382 952 ad
402 887 527 951 exitum
542 884 630 969 ejus,
641 883 803 950 saeculnm
820 882 1009 965 Angustum
1029 883 1267 966 appellaretur,
1280 883 1374 946 etita
1398 885 1436 948 in

337 988 446 1053 fastos
460 986 647 1051 referretur.
690 985 832 1064 Verum,
846 985 997 1051 adhibito
1015 984 1196 1049 honoribus
1213 984 1328 1059 modo,
1343 983 1437 1050 nita-

337 1091 445 1155 riam*
473 1088 631 1154 laudatus
658 1093 750 1169 oste³
773 1107 835 1171 pro
850 1087 923 1152 aede
947 1086 992 1152 D.
1005 1085 1092 1152 Julii
1113 1085 1297 1163 aTiborio‚
1311 1089 1346 1149 et
1366 1104 1438 1168 pro

339 1191 477 1257 Rostris
496 1187 685 1256 veteribus¹¹
709 1209 731 1253 a
746 1188 870 1268 Druso,
895 1187 1024 1252 Tiberii
1051 1185 1142 1268 lili03
1164 1205 1207 1252 ao
1232 1186 1436 1251 Senatorum

338 1293 483 1358 humeris
512 1292 644 1358 delatus
667 1293 702 1357 in
727 1289 904 1375 Campum,
923 1295 1187 1372 cremansque*
1227 1287 1305 1354 Nec
1324 1286 1438 1352 deluit

339 1395 390 1460 vir
408 1395 597 1478 praetorius,
611 1396 669 1478 qni
690 1415 730 1459 se
756 1393 895 1476 effigiem
921 1393 1059 1458 cremati
1082 1399 1213 1455 euntem
1235 1391 1269 1454 in
1291 1385 1438 1455 coelumi

339 1495 467 1562 vidisse
484 1495 635 1580 juraret-⁵
680 1495 856 1579 Reliquias
878 1489 1048 1577 legeruntk
1074 1493 1236 1576 primores
1266 1490 1437 1573 equestris

796 1689 978 1714 commuue

343 1817 415 1882 Line.
433 1833 513 1884 marg.
524 1821 688 1884 ascripserat.
721 1824 786 1873 Mea
803 1825 913 1887 peram.
929 1823 1001 1874 cort.
1022 1820 1113 1883 camp.
1138 1817 1306 1878 παρίενται
1317 1823 1372 1882 opt.
1389 1817 1439 1866 lib.

273 1886 280 1902 '
340 1883 452 1934 Turnat
469 1885 508 1934 ita
524 1894 642 1936 notatum
653 1887 685 1936 ad
697 1901 766 1950 eram
782 1887 849 1938 Edd.
863 1887 924 1936 Bet.
935 1885 1036 1950 Grynia.
1047 1884 1206 1944 troarsaraad.
1219 1882 1343 1932 Heln—a
1359 1881 1438 1932 Adia

339 1951 390 1998 nat.
402 1947 495 1999 emitae
511 1949 588 2012 prime
603 1951 654 1999 dno
665 1951 730 2001 coo.
740 1953 813 2003 Torr.
830 1951 919 2001 utalia
936 1949 1032 2000 Medic.
1044 1954 1070 1999 2.
1086 1949 1146 2012 an.
1162 1947 1242 1998 Fonc.
1258 1948 1330 1997 Dan.
1347 1945 1437 1996 Paria.

341 2011 458 2067 llarlem.
470 2021 497 2062 et
515 2013 583 2064 Edd.
593 2015 669 2064 Vett.
680 2014 713 2064 ad
725 2015 836 2066 Ουιιιιι.
852 2029 942 2080 osque.
974 2014 1043 2064 Item
1056 2027 1128 2076 aeque
1145 2014 1177 2061 ad
1194 2027 1233 2060 ex.
1250 2009 1349 2060 Medic.
1369 2013 1392 2058 a.
1408 2019 1440 2059 et

341 2075 516 2128 Eddeadeut
547 2079 814 2144 rateraom.stepn.
827 2095 858 2130 ae
871 2083 991 2144 aaqq-t»
1007 2077 1084 2128 lead.
1101 2082 1125 2126 et
1140 2075 1252 2139 precoj.
1279 2074 1440 2124 Antedeeat

340 2142 407 2191 medo
417 2143 488 2191 Duo.
542 2157 576 2193 ox
588 2143 781 2206 exconjectura
793 2145 887 2205 liquat.
903 2143 947 2192 rat
964 2147 1013 2194 oet.
1029 2140 1159 2204 recipiunt
1173 2141 1255 2194 multi.
1270 2139 1316 2188 sed
1331 2137 1439 2188 minime

341 2214 486 2266 agnoscunt
497 2206 580 2258 codo.
593 2214 621 2257 et
638 2207 705 2258 Edd.
717 2210 789 2258 Vett.
799 2207 828 2258 rt
838 2207 891 2271 aab,
908 2221 988 2272 qnare
999 2206 1152 2256 deleverunt
1164 2205 1227 2254 Erat.
1238 2203 1359 2253 ond-a
1377 2203 1441 2256 Cre,

339 2273 465 2319 motarent
476 2269 528 2320 dno
545 2271 619 2321 Torr.
637 2272 703 2321 Mar.
718 2287 789 2323 creta.
804 2272 910 2333 defuncti
928 2271 1012 2320 Paria.
1031 2269 1076 2320 aed
1094 2269 1141 2318 ttlt.
1152 2269 1209 2317 voci
1220 2267 1288 2317 linea
1299 2266 1439 2318 subducta.

341 2332 464 2383 eamean
482 2334 644 2386 Horten-e
665 2336 706 2385 lta
722 2337 829 2387 Menam.
847 2334 1014 2385 Maa.1’nlnt.
1033 2333 1123 2382 Bnrm.
1142 2331 1240 2382 Medic.
1258 2331 1339 2380 Pelit.
1355 2329 1438 2379 vind.

342 2395 415 2448 Cart.
432 2398 492 2462 Lyt.
512 2399 593 2448 Fene.
607 2407 634 2450 et
652 2399 720 2450 Edd.
736 2415 816 2466 neque
832 2399 864 2449 ad
876 2399 976 2464 (tryph.
994 2397 1062 2462 qood
1081 2397 1160 2447 etiarn
1176 2393 1351 2456 preferebant
1362 2394 1439 2444 Terr.

343 2459 451 2511 Caeaab.
463 2462 527 2514 Era.
540 2461 581 2512 nt.
593 2463 709 2525 latraret,
720 2479 795 2529 quarn
810 2465 873 2515 lect.
884 2461 1002 2514 defendit
1013 2461 1165 2526 Caouieget.
1176 2460 1247 2510 Diae.
1262 2457 1295 2509 ad
1307 2457 1400 2508 Avieu.
1412 2473 1440 2509 c.

837 2637 949 2702 NOTAE
1014 2629 1017 2636 ’

343 2752 412 2802 lecta
422 2749 488 2802 cade
500 2750 566 2802 terit
574 2752 707 2803 Coriuana
722 2753 807 2805 aliua?
911 2753 1050 2804 Numerios
1059 2751 1250 2816 Atticumque
1261 2751 1439 2801 testimoninm

378 2824 556 2876 ‘drumm
573 2829 734 2893 mitatem
750 2830 827 2881 Quod
843 2837 871 2882 et
911 2826 1335 2878 sstudflsatetenementlivta.
1368 2825 1440 2878 lliue

345 2900 445 2963 legibue
457 2902 567 2956 ratitum
585 2911 654 2966 erat,
673 2913 702 2955 nt
720 2904 754 2956 de
773 2906 871 2958 aditam
910 2903 1121 2967 anennugurto
1131 2903 1237 2966 templa,
1253 2907 1281 2952 et
1291 2903 1439 2952 consecrati

345 2977 543 3028 sacrisdictou.
574 2979 610 3030 lli
618 2980 774 3032 Sacerdotes
785 2991 870 3046 etant,
910 2977 1361 3044 rexnentrtnrqneaacerdeter,&e.

344 3051 498 3118 Pontifices,
509 3054 871 3123 Aognrerffleptemrlrlepo·
942 3055 955 3090 ¹
972 3055 1095 3118 Reliquiae
1105 3053 1226 3116 legeuit]
1242 3054 1353 3103 Pereate
1364 3051 1440 3103 eada·

345 3128 427 3190 letter,
434 3136 462 3178 et
471 3126 675 3181 Quindecimtlri
683 3131 763 3181 raerle
772 3130 871 3184 tacian-
911 3147 981 3196 rere,
992 3131 1096 3194 cognati
1110 3138 1138 3180 et
1150 3127 1224 3180 atulcl
1236 3129 1393 3192 colligebant
1401 3129 1440 3180 ri·

345 3205 670 3269 dia‚qaibnteootmiaanan
682 3209 871 3274 eratquicqoid
911 3221 987 3256 neree
1004 3211 1033 3256 et
1050 3219 1116 3270 erra,
1133 3219 1191 3270 qua
1210 3204 1276 3255 cado
1296 3205 1351 3254 aire
1374 3219 1440 3254 orna

346 3278 508 3330 sacerdotale
520 3281 656 3343 spectabat
669 3279 789 3332 officinm.
821 3283 871 3334 ilia
912 3281 1266 3345 conditadeierebant,pora
1277 3285 1439 3344 tamenaqna

346 3365 478 3410 acroama
489 3363 581 3418 postea
591 3355 692 3407 aedalea
707 3357 873 3424 Augustales,
913 3360 983 3422 otior
994 3357 1103 3422 aspersi,
1115 3368 1142 3407 et
1154 3357 1193 3407 ita
1203 3356 1301 3420 exploti
1321 3369 1365 3406 een
1386 3356 1440 3404 lna·

346 3429 382 3480 de
391 3430 483 3494 quibua
495 3429 569 3481 infra.
912 3435 976 3488 trati
986 3450 1000 3484 a
1013 3433 1159 3484 sacerdote.
1191 3434 1234 3482 De
1244 3432 1349 3498 qnolib.
1360 3445 1398 3480 rr.
1410 3431 1439 3480 in

379 3505 542 3570 ‘Bit'uriamJ
568 3505 627 3555 lioc
649 3514 691 3557 att
712 3509 820 3569 doobna,
843 3517 872 3562 nt
912 3508 1230 3560 funereMtsent=⁴1aem
1247 3509 1440 3570 terroeiospo·

346 3584 430 3642 patet,
452 3581 526 3630 locis.
559 3580 603 3630 lta
621 3589 649 3632 et
674 3582 871 3648 ‘plurifariam’
912 3598 941 3634 ra
959 3583 1119 3634 circumtulit
1137 3583 1215 3646 noda,
1232 3582 1360 3647 Spargant
1379 3595 1441 3631 rore

347 3653 524 3706 obuncat.
834 3689 836 3695 =
911 3662 971 3717 leri.
991 3667 1019 3713 et
1039 3675 1109 3712 ramo
1124 3661 1302 3712 irliclaoliroe.
1334 3661 1441 3711 Lustra·

351 3767 357 3774 .
379 3728 391 3762 ¹²
407 3729 480 3795 [dal]
490 3731 618 3795 emata]
629 3733 712 3784 Locos
723 3735 802 3784 Urbis
812 3749 871 3799 pro·
911 3737 1001 3804 vitque
1011 3739 1095 3795 riroa,’
1105 3743 1156 3790 arc.
1179 3737 1440 3789 PorroCaaanbonoa

346 3807 486 3869 paliarum
499 3807 796 3859 Romanorualcdictna.
823 3811 872 3861 Le-
910 3814 948 3862 alc
965 3813 1117 3876 dispositum
1134 3813 1215 3864 foisse
1229 3814 1341 3864 cadaver
1352 3812 1442 3862 caiati-

347 3889 412 3943 gunt
422 3882 527 3948 qnidam
537 3883 580 3931 ant
588 3884 708 3934 ulmeae
717 3889 816 3935 rorata:
827 3886 872 3952 qni
911 3895 974 3947 mat,
991 3895 1021 3940 nt
1029 3905 1088 3941 ceta
1097 3891 1153 3955 ejus
1165 3898 1192 3941 et
1204 3889 1305 3940 cinerea
1314 3889 1385 3939 nulle
1395 3902 1440 3938 ue·

348 3957 417 4007 euim
428 3959 461 4010 de
471 3959 542 4009 Urba
551 3959 675 4021 adibunt,
685 3974 752 4010 nora
762 3969 790 4010 et
801 3970 873 4011 rate·
912 3967 983 4029 gotio
994 3966 1105 4018 discerni
1113 3965 1251 4031 quiverint.
1278 3964 1356 4018 Quod
1367 3969 1442 4014 certe

348 4043 376 4080 ra
387 4045 472 4084 rostra
483 4045 627 4086 recensent.
912 4040 950 4090 ita
960 4039 1037 4091 fuiare
1049 4048 1169 4106 oportun
1189 4041 1282 4105 alloqui
1295 4041 1442 4090 animalium

382 4106 389 4140 ¹
405 4109 506 4159 litatem
516 4110 543 4159 la
553 4111 645 4174 edan]
662 4109 699 4160 Ut
714 4111 747 4160 de
764 4112 873 4164 Remulo
913 4116 989 4166 etiarn
998 4131 1055 4180 qua
1062 4117 1136 4166 rinei
1145 4117 1297 4181 plerumque
1306 4113 1442 4164 combure·

349 4178 461 4233 Proelua
475 4186 544 4248 aprtd
561 4187 672 4248 Liviam,
688 4189 738 4236 arc.
771 4189 824 4238 Dio
834 4199 873 4237 re·
913 4190 1015 4255 bantur,
1024 4205 1083 4240 orta
1093 4191 1247 4256 potuissent,
1259 4192 1300 4258 rel
1312 4191 1368 4253 ipsa
1378 4189 1442 4252 legi,

347 4255 401 4309 t'ert
418 4255 538 4322 praetorto
556 4263 593 4312 illl
612 4263 666 4312 rire
682 4271 777 4312 'nomen
794 4263 873 4316 initae
914 4264 1096 4317 velcontnndi.
1128 4266 1205 4319 Quod
1217 4265 1346 4316 anternde
1358 4264 1441 4313 lintea
