3228 4926
667 347 863 398 oonnvrus.
1245 335 1312 400 295

225 491 300 557 nur.
344 487 561 553 Commodius
576 487 612 554 id
626 487 736 554 vienrn
751 499 817 568 eet,
840 497 889 568 nt,
900 492 959 574 qui
974 511 995 556 e
1010 491 1117 556 loco¹⁰
1138 492 1311 575 perierunt

223 593 348 666 literne,
369 587 470 654 iidem
485 589 676 672 interrogari
691 610 834 674 quoqne,
856 593 887 655 si
903 593 983 676 qnid
998 612 1051 656 res
1067 593 1216 675 exigant,
1232 611 1311 675 pos-

224 693 318 756 sint.⁴
338 688 420 772 [50.]
442 689 484 753 In
499 688 764 772 diplomatibun,¹¹
786 689 996 776 libellisque⁰
1017 699 1050 758 et
1071 694 1223 776 epistolis
1243 695 1311 776 eig-

224 790 356 868 nundis,
384 790 482 854 initio
512 790 703 872 Sphinge⁵P
729 809 810 856 usus
833 799 904 858 esi:
927 813 1009 858 mox
1030 794 1172 876 imagine
1194 793 1311 878 Magni

680 963 860 988 mul

224 1081 258 1132 0.
270 1085 367 1144 preter
378 1080 444 1128 Bon.
455 1077 545 1142 steph.
558 1085 583 1127 et
595 1079 657 1129 Ber.
667 1087 733 1144 port.
745 1087 772 1130 et
783 1086 903 1146 seqq-4
920 1083 961 1132 Itu
971 1081 1043 1131 dedit
1054 1081 1160 1146 Bnurng.
1172 1097 1229 1132 curn
1242 1083 1311 1133 Oud.

224 1143 359 1208 quodcum
369 1149 424 1206 out.
436 1141 511 1192 codd.
520 1149 547 1192 et
556 1141 701 1193 Eddvett.
712 1145 821 1194 maxime
831 1149 959 1196 conuenit.
975 1146 1064 1197 (irene.
1078 1146 1161 1195 iocum
1169 1146 1208 1195 itn
1216 1149 1313 1195 consti·

225 1208 284 1270 tuit,
292 1213 319 1257 ui
326 1207 367 1270 qui
375 1207 483 1256 uiicrnde
492 1205 621 1268 perferunt
631 1207 732 1264 litterum
741 1209 812 1258 iidem
822 1210 907 1260 interr.
919 1224 1016 1273 quoquc,
1026 1211 1140 1272 derideor
1148 1210 1175 1258 id
1185 1223 1222 1258 ree
1231 1212 1312 1272 reige-

224 1277 286 1332 reei,
293 1275 395 1334 ment,
406 1277 434 1319 et
445 1271 535 1319 eodem
546 1269 623 1318 modu
638 1271 742 1332 legeint
757 1268 847 1322 Heine.
862 1274 910 1322 niei
927 1273 996 1338 qnod
1008 1273 1030 1322 ei
1044 1281 1102 1338 poet
1113 1273 1220 1322 alicunde
1230 1275 1310 1337 (qnod

224 1345 273 1396 pro
286 1351 302 1382 e
315 1333 425 1397 iecojenr
439 1334 583 1396 conjeceret
595 1333 716 1398 carano.)
734 1344 760 1384 et
775 1337 865 1398 perciet
881 1350 929 1400 pro
941 1342 1034 1399 parent
1050 1337 1179 1386 exhibent.
1204 1333 1266 1386 Ero.
1284 1347 1313 1388 et

224 1398 285 1462 Bip.
297 1397 360 1446 dent
369 1398 434 1460 quie
445 1399 494 1446 loeo
508 1396 641 1462 perferrent
651 1399 699 1448 litt.
709 1399 781 1448 iidem
791 1399 835 1449 int.
846 1415 885 1462 uu.
894 1401 981 1464 aquid
995 1413 1034 1450 reo
1044 1402 1159 1462 exigeret,
1174 1405 1273 1462 parent.
1285 1407 1313 1450 et

224 1461 262 1510 ite
279 1459 335 1511 fere
352 1461 447 1524 iegitur
462 1461 489 1508 in
507 1461 564 1510 cod.
586 1461 894 1527 corsendoucenri,terie
906 1465 987 1512 Scrir.
1006 1463 1090 1512 Suerit
1102 1464 1183 1512 Bonh.
1195 1477 1276 1511 eornrn
1287 1465 1313 1512 id

224 1525 310 1584 oderem
319 1530 347 1572 et
355 1526 420 1586 guin
430 1525 460 1572 io.
468 1524 524 1588 (vei
535 1523 618 1588 eloco)
629 1525 700 1574 iidem
709 1527 840 1590 perferrent
849 1529 898 1576 rur.
908 1533 931 1576 ei
942 1529 1029 1576 interr.
1037 1542 1075 1590 qu.
1085 1527 1108 1576 εἰ
1118 1527 1174 1589 quid
1184 1540 1223 1574 rer
1230 1528 1314 1586 exige·

224 1593 288 1650 mi,
296 1592 398 1652 penem.
424 1587 516 1636 Pitirr.
527 1588 587 1636 Ver.
598 1594 625 1636 et
637 1590 670 1638 ui.
682 1604 697 1636 o
708 1591 756 1639 ioco
765 1591 840 1640 aden
848 1590 1004 1653 perferenti.
1014 1591 1032 1638 ι’.
1045 1605 1068 1652 q.
1080 1606 1100 1639 o.
1112 1606 1133 1652 q·
1142 1605 1165 1638 r.
1179 1589 1312 1652 exigerent,

224 1657 327 1714 ment.
362 1651 451 1700 Burro.
464 1650 581 1700 exhibuit
590 1659 705 1701 nostrum
715 1655 774 1702 ieet.
783 1661 867 1703 tumeo
873 1660 966 1717 ponent
974 1654 1132 1702 eubetitnene
1142 1654 1196 1702 ioco
1206 1653 1250 1701 red
1258 1668 1314 1715 poe·

224 1716 281 1766 rire.
310 1713 402 1763 Wolfio
412 1721 492 1763 totunr
505 1727 602 1763 commu
612 1715 748 1766 inriritium
760 1716 870 1766 ridetur.
892 1717 922 1766 In
932 1719 1038 1766 Mernrn.
1047 1718 1110 1779 Cop-
1122 1717 1195 1766 Heri.
1204 1717 1263 1778 cuj.
1272 1718 1314 1780 qui

225 1780 298 1827 eiuro
307 1777 506 1840 idemperserrnt,
515 1791 573 1826 curn
585 1778 651 1829 Edd.
661 1781 733 1830 Vett.
744 1779 797 1828 fere
807 1779 839 1828 0.
851 1781 898 1829 nini
909 1779 975 1845 quod
986 1781 1011 1829 in
1023 1780 1184 1844 quibuedern‚
1195 1787 1224 1829 ut
1235 1779 1314 1829 etiem

225 1841 252 1891 iu
263 1841 320 1892 eod.
333 1842 401 1890 Dun.
414 1842 540 1890 coaluerit
555 1842 581 1891 in
595 1857 672 1891 unum
684 1843 748 1908 quin,
759 1850 786 1894 et
797 1844 870 1894 Rom.
881 1843 1079 1907 reconsecrari.
1091 1843 1157 1893 Edd.
1168 1844 1228 1892 Ber.
1290 1859 1314 1892 e·

224 1910 288 1954 mi.
321 1904 410 1956 Habet
421 1907 501 1954 Fouo.
513 1906 561 1954 ioco
571 1905 644 1956 iidem
654 1907 797 1968 perferrent.
830 1907 895 1957 Turn
908 1908 933 1956 in
946 1909 1012 1957 Mer.
1027 1909 1125 1957 cuncti·
1142 1915 1169 1956 et
1186 1909 1225 1956 Ed
1247 1941 1253 1956 .
1268 1922 1313 1969 pp.

225 1969 324 2031 aigun
335 1975 362 2018 et
376 1971 476 2032 mint,
485 1969 602 2031 exceptio
613 1971 691 2019 vinu.
705 1975 727 2020 i.
744 1977 770 2020 et
786 1969 834 2019 Ed.
846 1972 936 2032 steph.
948 1986 1005 2034 qure
1016 1972 1108 2032 exiget,
1120 1971 1246 2032 probante
1258 1971 1315 2020 Sei-

225 2031 1217 2148 iti·nu⁸iii⁸t·iti·iit¹¹ii⁶i⁰¹⁰⁸⁹·‘¹⁰o⁸t⁶⁵”⁸t⁰t'‘·iiin⁹·-
1241 2035 1315 2148 30⁰³?

300 2112 315 2146 rr
434 2112 492 2146 ur.
631 2131 638 2145 .
692 2112 846 2148 ‚omnen
886 2113 1075 2162 u.proune.
1208 2112 1230 2146 rr
1280 2112 1314 2147 r.

714 2275 822 2326 Nom

226 2399 259 2437 no
286 2385 384 2437 dicitnr
411 2385 557 2436 Antoninus
584 2385 667 2446 Piur;
695 2393 753 2436 eret
792 2386 910 2450 ceptione
928 2398 1059 2449 poreomur
1074 2385 1210 2436 vernacule
1227 2385 1315 2436 dicere

225 2464 293 2513 enirn
306 2461 505 2526 provineiniihnr
521 2463 696 2525 gravissimu,
712 2471 752 2512 nt·
792 2463 832 2511 der
841 2467 981 2524 puoeeporte.
1004 2461 1045 2510 De
1055 2461 1095 2510 hir
1105 2461 1186 2511 edituo
1195 2460 1313 2526 quedem

133 2583 135 2586 .
227 2549 288 2605 pote
299 2555 403 2605 qnorum
415 2539 533 2604 impenru
543 2539 626 2594 tieret.
638 2547 667 2588 ut
678 2545 752 2601 petet
792 2536 818 2584 in
830 2539 894 2586 Ner.
908 2550 931 2586 c.
944 2539 984 2584 ie.

227 2632 260 2666 ex
273 2617 379 2665 Victore
390 2618 415 2665 in
425 2618 554 2680 Trrjun03
565 2616 669 2665 undeet
678 2615 751 2664 Lern·
822 2619 834 2645 ⁰
850 2610 1005 2674 Liieiiieqee]
1027 2609 1191 2674 Suppiieibur
1213 2608 1316 2674 quibus,

202 2721 206 2732 ·
227 2690 326 2756 pridiae
345 2687 379 2738 ub
399 2688 547 2739 Alexandro
568 2691 666 2740 Seuero
686 2691 751 2740 enti·
791 2688 835 2752 qni
852 2689 997 2752 propositus
1016 2695 1083 2747 eret,
1098 2685 1265 2736 indicebatur
1280 2688 1316 2734 ‘e

226 2780 303 2832 quum
326 2765 371 2829 jur
389 2766 537 2815 restitutum
560 2764 633 2819 dicit,
650 2765 682 2814 de
701 2779 752 2828 qno
789 2763 901 2812 lineriis!

227 2852 313 2906 rupte·
822 2835 967 2900 modim]
990 2835 1063 2885 Note
1081 2833 1169 2884 fabule
1184 2835 1316 2884 Thebunte

254 2923 275 2950 ¹
292 2917 374 2966 Λίσου
386 2912 482 2979 [eidem]
501 2913 658 2964 Pnirnennnr
669 2915 706 2963 ric
718 2915 754 2962 ie·
789 2911 1317 2977 Sphingieaenigrnuteproponentis:innoc,

228 2991 282 3056 git:
305 2997 332 3041 ri
351 2991 392 3054 qui
408 3005 423 3039 e
441 2992 489 3038 iore
508 2990 640 3052 perferrent
661 2990 754 3048 iiim,
791 2987 872 3053 queiir
882 2987 988 3051 fingitur
999 3004 1014 3039 r
1024 2989 1116 3053 po'e'rir,
1126 2989 1256 3038 Antonine
1267 2989 1316 3037 hoe

225 3067 371 3129 interrogari
383 3079 473 3129 quoque
487 3070 590 3127 noemi,
602 3063 670 3128 qnod
682 3063 753 3112 ride·
792 3075 867 3112 verro
889 3065 1033 3126 expressit:
1057 3069 1065 3092 ⁴
1082 3063 1182 3124 Sphinx
1203 3061 1316 3110 voiucrir

227 3151 272 3193 tur
281 3143 378 3192 neiiue.
403 3139 567 3190 &neubonne
578 3153 644 3188 nore
656 3137 753 3187 dictum
792 3138 890 3200 nennio,
909 3138 1018 3202 pedibus
1035 3135 1101 3197 iere,
1115 3135 1200 3186 fronte
1212 3136 1317 3198 puelia!

226 3219 328 3282 putruit
337 3219 345 3245 ‘
354 3232 370 3266 e
380 3215 455 3273 ioco‚’
470 3229 518 3279 pro
530 3215 656 3264 eiicnnde.
793 3213 906 3263 Caedem
923 3213 1020 3273 omisit,
1030 3226 1088 3275 qne
1097 3212 1180 3276 figure
1190 3213 1318 3275 cernentis

259 3299 272 3325 ¹
287 3289 473 3355 Dipioteetiire]
491 3287 618 3352 Γράμματα
630 3287 753 3348 βασιλικὰ,
793 3296 849 3337 eret
861 3289 935 3350 epiri·
946 3287 1052 3348 intorti3
1069 3288 1149 3351 qrreiie
1161 3287 1276 3336 cernitur
1290 3289 1317 3338 in

227 3368 275 3418 iroo
294 3376 335 3417 eet
350 3367 426 3416 iiteroe
441 3366 525 3428 regie,
541 3365 661 3412 dicunntur
678 3363 752 3412 (irae-
793 3364 910 3413 nummis.
951 3362 1052 3411 Piinine
1070 3361 1238 3414 iibtxxxvrr.
1257 3371 1318 3416 ei.

228 3443 279 3492 cie:
297 3441 372 3491 nobie
386 3450 472 3490 eutem
489 3443 572 3488 lettree
584 3444 704 3501 poteria:
720 3439 752 3487 rb
792 3439 891 3488 ‘Divus
903 3439 1033 3502 Angustus
1044 3437 1113 3488 inter
1123 3439 1199 3488 initio
1209 3441 1316 3504 epiringe

227 3517 259 3566 iie
270 3523 371 3566 tentum
383 3515 439 3564 deri
455 3514 541 3574 colite,
557 3520 601 3563 nut
618 3515 752 3577 permisce,
792 3515 914 3578 riguerit.
963 3515 1033 3564 uuae
1045 3507 1082 3564 'in
1104 3515 1194 3564 rnntrie
1217 3517 1317 3566 nnnuiin

228 3591 273 3656 qni
290 3591 365 3654 Reip.
382 3596 510 3652 preeunt:
529 3590 597 3638 unde
611 3589 678 3652 opud
692 3588 753 3637 Piu·
789 3591 843 3655 jero
861 3591 1007 3640 indiscrete
1024 3590 1199 3640 eimiiitudinie
1215 3591 1319 3640 invene·

228 3666 376 3717 terchnmin
384 3665 479 3725 (inibe,
491 3665 662 3728 Nymphidius
673 3677 754 3727 eger·
772 3715 774 3720 ,
795 3676 843 3717 ret.
866 3666 959 3716 Aiteru
969 3680 1016 3728 per
1029 3665 1096 3715 beiie
1107 3659 1202 3727 civilia,
1211 3664 1319 3714 ebrente

229 3741 295 3790 rirne
313 3739 409 3803 petitur
427 3739 490 3788 dete
508 3753 564 3787 eree
581 3738 722 3801 dinionrrte
739 3751 754 3785 n
793 3743 919 3805 eu‚nmici
932 3739 1200 3804 signevereepirtoier
1212 3745 1239 3787 et
1250 3738 1319 3787 edic·

229 3817 302 3867 Coeo.
320 3815 393 3878 queri
411 3813 604 3877 imperatorium
620 3813 667 3862 iroo
684 3810 754 3872 fecto
795 3825 833 3880 te,
843 3832 898 3882 quoe
911 3817 976 3865 retio
994 3823 1137 3877 temporum
1152 3813 1254 3862 nomine
1265 3813 1320 3877 ejnr

228 3891 278 3941 eibi
296 3890 470 3940 vindiourrent
488 3889 678 3937 anctoritatem.
717 3887 754 3935 Ee
794 3891 867 3940 reddi
895 3889 1051 3955 poetoinbnt,
1081 3903 1133 3939 non
1151 3887 1265 3939 infaceto
1285 3891 1321 3938 ις.

227 3969 340 4019 maxime
361 3975 469 4031 propter
490 3977 592 4014 currum
615 3962 754 4026 publicum,
794 3981 858 4030 pore
876 3966 1064 4028 accipientium,
1075 3965 1210 4029 aenigmetu
1226 3964 1319 4014 efferre

228 4045 328 4111 nequir
340 4040 506 4107 interpelirre
516 4048 562 4090 eut
572 4041 667 4090 morari
677 4041 753 4089 eude-
793 4042 859 4091 herro
874 4039 1024 4106 inningen!
1058 4040 1133 4091 Quod
1151 4038 1220 4092 forte
1237 4041 1319 4093 dicte·

228 4128 279 4183 ret,
293 4134 427 4179 conuersa,
443 4123 473 4166 nt
482 4123 555 4180 petet
567 4131 600 4165 ex
611 4123 667 4166 toto
679 4115 754 4164 titulo
794 4117 858 4166 riurn
870 4115 986 4166 mutendi
999 4129 1077 4164 cuore
1086 4113 1174 4166 suerit.

229 4198 287 4248 eod.
313 4196 347 4246 de
373 4207 450 4246 curru
472 4191 584 4256 publico.
635 4193 693 4244 One
712 4207 754 4242 ec·
