3120 4926
620 439 867 492 unsrrnorun.
1249 429 1302 511 '²1

202 579 238 642 in
256 579 325 643 vitu
342 579 527 664 principum
548 587 583 644 et
606 585 812 667 temporibus
827 584 1051 651 disserendis:
1074 586 1132 650 sed
1155 584 1301 652 Marium

203 680 406 756 Maximum,
421 681 618 747 Suetonium
634 683 874 768 Tranquillum,
893 687 1032 752 Fabium
1056 686 1301 768 Marcellinum,

203 780 406 864 Gargillium
424 781 625 861 Martialem,
647 785 779 850 Julium
794 787 1030 872 Capitolinum,
1053 787 1181 853 AElium
1201 789 1301 854 Lam-

200 881 360 964 pridium,
386 890 593 968 ceterosque,
626 887 686 970 qui
713 887 787 953 baec
809 895 845 953 et
868 889 950 956 talia
974 905 1041 954 non
1071 895 1140 956 tam
1155 889 1300 970 diserte,

192 1002 304 1065 =qnam
318 1003 410 1062 vere,
425 987 590 1052 memoriae
606 987 818 1054 tradiderunt

210 1291 213 1296 Ι
301 1205 414 1270 Julius
429 1204 638 1290 capitolinus
652 1208 688 1272 in
704 1207 856 1274 Maximo
871 1213 905 1272 et
917 1205 1063 1272 Balbino
1077 1227 1153 1291 cap.
1166 1211 1201 1274 4.

245 1335 312 1401 Sed
334 1338 530 1421 priusquam
552 1339 593 1403 de
616 1323 747 1405 actibus
768 1360 882 1406 eorum
904 1341 1036 1426 loquar,
1051 1341 1168 1424 placet
1185 1341 1300 1426 aliqua

199 1433 314 1501 dicere
328 1437 369 1501 de
383 1439 532 1504 moribus
548 1451 649 1525 atque
664 1461 803 1525 genere;
824 1463 890 1508 non
906 1463 947 1508 eo
962 1443 1077 1521 modo,
1092 1462 1160 1528 quo
1174 1441 1197 1508 J
1199 1445 1297 1508 unius

199 1533 334 1600 Cordus
348 1543 400 1601 est
412 1548 613 1620 prosecutus
629 1543 752 1620 omnia,
766 1545 825 1608 sed
838 1545 908 1624 illo,
920 1563 987 1630 quo
1001 1544 1183 1611 Suetonius
1192 1543 1298 1610 'lhan-

198 1637 327 1722 quillns
342 1645 378 1702 et
392 1637 552 1706 Valerius
568 1643 763 1709 Marcellus.

206 1873 210 1880 ·
319 1847 478 1914 Sidonius
494 1845 698 1931 Apollinaris
712 1847 941 1930 Epistolarum
956 1851 1032 1917 Lib.
1048 1867 1103 1916 rx.
1117 1853 1172 1918 14.

243 1981 335 2048 Nam
363 1983 393 2047 si
422 1982 629 2057 omittantur,
657 2001 736 2065 quar
766 1981 809 2048 de
837 1984 943 2049 titulis
974 1983 1148 2049 dictatoris
1178 1983 1298 2050 invicti

198 2085 327 2167 scripta
349 2083 524 2148 Patavinis
546 2089 621 2148 snut
642 2083 881 2162 voluminibus,
908 2085 985 2168 quis
1007 2103 1113 2167 opera
1134 2083 1296 2164 Suetonii,

197 2185 274 2267 quis
302 2183 448 2249 Juvenci
476 2181 644 2248 Martialis
674 2184 858 2262 historiam,
890 2188 1007 2270 quisve
1037 2185 1081 2249 ad
1107 2192 1295 2250 extremum

197 2283 299 2350 Balbi
313 2283 557 2368 ephemeridem
572 2283 672 2348 fando
688 2285 939 2369 adaequaveritl

455 2494 679 2560 Tertullianus
695 2494 737 2561 de
752 2495 865 2562 anima
880 2515 953 2581 cap.
969 2496 1023 2559 44.

241 2626 311 2690 Sed
326 2632 359 2691 et
376 2626 545 2691 Neronem
559 2627 756 2705 Suetonius,
775 2633 808 2692 et
822 2627 1086 2713 Thrasymedem
1101 2627 1293 2710 Theopom-

195 2745 263 2813 pus
276 2732 551 2811 negautnnqnam
567 2730 770 2794 somniasse:
793 2729 857 2794 nisi
870 2731 928 2795 vix
944 2728 1114 2793 Neronem
1128 2729 1162 2792 in
1173 2727 1291 2796 ultimo

197 2829 292 2894 exitu
307 2837 388 2910 post
406 2847 547 2911 pavores
561 2848 653 2894 suos.

450 3043 578 3108 Paulus
595 3042 736 3109 Orosius
751 3043 826 3111 Lib.
843 3057 908 3106 vn.
925 3061 1000 3125 cap.
1014 3041 1046 3106 9.

240 3173 362 3259 ltaque
384 3176 481 3240 Titus
504 3176 692 3260 Imperator
714 3177 757 3241 ab
779 3173 928 3241 exercitu
957 3175 1190 3260 pronuntiatus
1212 3182 1292 3240 tem·

194 3277 336 3360 plumin
353 3276 598 3361 Hierosolymis
613 3276 758 3364 incendit
780 3295 821 3341 ac
843 3275 967 3355 diruit3
989 3274 1081 3359 quod
1103 3293 1125 3338 a
1146 3274 1200 3338 dle
1215 3293 1308 3339 con··

196 3377 334 3442 ditionis
356 3377 474 3460 primae
494 3395 603 3461 nsque
619 3377 664 3442 ad
679 3375 769 3439 diem
784 3373 967 3438 eversionis
982 3372 1110 3438 ultimae
1127 3381 1295 3443 manserat

196 3479 295 3552 annis
311 3494 407 3546 recu.
452 3477 572 3542 Muros
593 3477 684 3542 urbis
706 3475 870 3542 universae
893 3474 969 3540 solo
992 3476 1206 3560 adaequavit:
1231 3495 1291 3546 no.

194 3579 301 3645 millia
310 3578 504 3645 ludaeorum
516 3597 557 3644 ec
573 3578 662 3643 bello
677 3577 862 3657 interfecta,
877 3576 1057 3644 Gemelins
1070 3587 1104 3644 et
1115 3579 1293 3644 Suetonius

195 3681 349 3748 referunt

250 3891 378 3959 Auctor
393 3889 557 3960 Historias
574 3893 739 3960 Miscellae
754 3894 855 3960 Libro
871 3909 924 3960 vr.
939 3893 982 3958 dc
997 3891 1092 3958 lulio
1103 3889 1238 3956 Caesare

667 3997 817 4080 loquens.

238 4111 341 4177 Hanc
355 4109 531 4176 historiam
545 4109 727 4176 Suetonius
741 4110 964 4196 Tranquillus
978 4109 1172 4194 plenissime
1182 4111 1290 4196 expli·

194 4210 275 4292 cuit,
289 4211 385 4296 cujus
400 4231 461 4276 nos
476 4218 703 4296 competentes
717 4212 946 4296 portiunculas
966 4211 1204 4298 decerpsimus.
