3216 4918
309 391 373 456 482
735 403 768 449 c.
791 399 968 452 suurorrrr

307 565 473 612 exeussus
510 545 657 610 factum⁹
693 544 795 608 etiarn
832 544 1024 608 tenuissimo
1053 541 1186 626 cuique,
1214 547 1247 608 et
1277 545 1400 626 ignoto.

310 651 423 714 Unum
437 647 501 711 hoo
515 643 755 722 tantummodo,
764 663 872 728 neque
883 652 1044 728 praterea
1053 645 1235 728 quicquam
1248 651 1402 710 notatum

310 757 373 827 est,
387 751 422 814 in
437 768 504 832 quo
520 749 709 814 exercuisse
723 753 749 785 ¹⁰
767 747 825 831 jus
846 746 1031 811 tribunicias
1046 747 1227 828 potestatis
1240 748 1332 810 visus
1348 748 1403 811 sit.

310 851 396 915 Cum
424 853 515 915 circa
540 850 674 914 scholas
702 853 737 912 et
762 848 928 914 auditoria
963 848 1193 932 professorum
1222 848 1402 912 assiduns¹

310 957 410 1028 esset,
426 959 515 1015 moto
527 952 612 1014 inter
625 949 866 1033 antisophistas
877 945 891 984 ¹¹
903 949 1054 1032 graviore
1063 948 1190 1032 jurgio,
1205 967 1273 1014 non
1285 949 1405 1028 defuit,

311 1054 369 1137 qui
395 1071 472 1116 eum
498 1051 780 1128 intervenientem,
818 1056 853 1113 et
895 1051 993 1133 quasi
1027 1049 1260 1114 studiosiorem
1297 1052 1405 1133 partis

313 1153 474 1233 alterius¹
501 1152 653 1216 convicio
682 1153 876 1216 incesseret.
934 1149 1062 1215 Sensim
1091 1151 1208 1234 itaque
1235 1169 1406 1233 regressus

313 1255 458 1330 domum,
483 1259 618 1335 reponte
647 1271 723 1318 oum
750 1247 1016 1336 apparitoribus¹
1043 1251 1174 1334 prodiit,
1199 1253 1407 1337 citatumque

312 1375 373 1439 pro
389 1355 546 1420 tribunali
571 1373 654 1419 voce
676 1354 843 1438 praeconis
870 1352 1125 1418 conviciatorem
1141 1355 1236 1436 ropi³
1256 1353 1359 1437 jussit
1372 1355 1406 1420 in

313 1476 488 1521 carcerem.
534 1454 705 1538 Comperit
718 1454 850 1533 deinde,
874 1454 1006 1518 Juliam
1032 1473 1168 1518 uxorem
1193 1455 1237 1518 ob
1251 1453 1408 1520 libidines

314 1565 417 1642 atque
442 1555 604 1620 adulteria
619 1556 824 1635 damnatum,
844 1555 1085 1639 repudiumque
1096 1563 1116 1591 ¹¹¹
1141 1555 1173 1619 oi
1191 1575 1252 1620 suo
1266 1556 1408 1635 nomine,

315 1679 360 1723 ex
390 1659 585 1723 auctoritate
611 1659 768 1738 Augusti,
803 1659 998 1722 remissum:
1035 1661 1068 1720 et
1096 1675 1287 1739 quanquam
1309 1659 1409 1724 taetus

314 1760 459 1835 nuntio‚⁴
473 1763 585 1822 tamen
607 1755 711 1822 officii
732 1757 842 1836 duxit,
858 1765 1017 1842 quantum
1040 1757 1074 1820 iu
1099 1775 1136 1821 sa
1150 1765 1254 1835 esset,
1271 1778 1410 1824 exorare

315 1859 395 1924 iiiiae
410 1865 540 1942 patrem
555 1858 785 1940 frequentibus
800 1859 918 1936 literis,
933 1865 967 1922 at
981 1858 1055 1922 vel⁵
1081 1863 1264 1944 utcumque
1277 1860 1411 1940 meritae,

317 1959 478 2045 quioquid
499 1979 645 2042 unquam
670 1957 784 2025 dono¹²
800 1959 963 2039 dedisset,
979 1959 1183 2026 concedere!
1225 1961 1412 2026 Transaoto

350 2164 360 2188 ⁸
376 2156 411 2206 Et
421 2157 526 2220 maravia
534 2159 649 2219 gauderet
660 2157 705 2208 toli
714 2157 807 2219 mro,
824 2162 901 2207 tumea
915 2153 1064 2205 existimauit
1074 2168 1123 2204 eree
1133 2153 1234 2220 officiam
1244 2153 1322 2204 eiottis
1329 2153 1412 2216 mitri,

314 2217 413 2286 flectere
424 2223 560 2283 Augustam
571 2222 597 2272 ἐκ
611 2221 718 2284 gratim
727 2221 791 2286 fitia
803 2237 849 2285 per
858 2219 951 2270 crebrae
967 2219 1085 2282 epistotae,
1094 2223 1118 2268 et
1134 2219 1188 2268 tute
1203 2219 1336 2282 relinquere
1350 2234 1412 2283 que·

317 2298 414 2350 eumque
424 2289 485 2336 dona
494 2303 509 2336 a
519 2301 544 2336 ee
554 2301 656 2350 anquam
666 2288 801 2351 accepisset,
811 2286 879 2350 qaaa'
888 2285 1055 2350 quodammodo
1065 2283 1097 2332 ta
1107 2283 1181 2332 etiam
1190 2284 1264 2346 digna
1268 2284 1366 2344 suisset.

776 2440 956 2462 ΝΗΗΝΝΝ

319 2531 381 2574 ente
392 2524 504 2574 Casani».
517 2525 560 2586 qni
578 2539 610 2573 ea
621 2524 692 2576 iibrir
704 2523 782 2574 duob.
790 2523 863 2574 Torr-
875 2522 976 2586 recepit
992 2525 1094 2585 taudem,
1111 2537 1186 2588 quem
1206 2528 1310 2572 reeutue
1325 2523 1415 2576 (iter.

320 2587 591 2639 accedentibrnvind.
603 2589 674 2639 Cort.
686 2589 761 2638 Hnis.
772 2588 858 2637 Pnim.
871 2587 920 2636 Ed.
931 2587 1022 2651 Camp.
1032 2602 1062 2637 ac
1073 2602 1155 2652 marg.
1168 2587 1275 2637 Mediol.
1291 2602 1330 2652 pr.
1365 2589 1416 2638 Re-

317 2652 422 2702 vocavit
439 2653 500 2700 itiud
513 2653 601 2702 Burm.
629 2653 660 2700 lu
674 2653 773 2702 Medio.
782 2657 807 2702 8.
825 2651 901 2700 Vind.
913 2657 937 2700 ὓ.
950 2653 1021 2701 Cort.
1032 2653 1152 2702 circumit.
1169 2651 1249 2700 vind.
1260 2655 1285 2700 1.
1295 2653 1415 2718 circuivit,

320 2718 370 2767 Ed.
383 2715 618 2767 Torr.ctrcattr.-u
636 2717 736 2765 Factam
753 2717 873 2778 ignorant
885 2715 945 2778 Cuj·
959 2717 1029 2765 Dnn.
1062 2716 1131 2766 Dein
1143 2716 1251 2778 mquam
1262 2716 1328 2765 Edd.
1341 2717 1416 2766 Rom.

319 2782 381 2831 Non
393 2781 488 2840 legitur
498 2781 658 2828 tantummode
669 2781 694 2828 iu
707 2781 814 2829 Merum.
825 2787 853 2829 et
864 2779 891 2828 in
903 2780 1000 2830 Medic.
1012 2788 1044 2829 tr.
1062 2791 1171 2844 utroque
1183 2778 1262 2828 Vind.
1274 2781 1347 2830 Voss.
1359 2783 1416 2843 an.

320 2845 396 2893 flurs.
408 2843 488 2892 Fouo.
500 2843 569 2892 Dan.
580 2851 702 2894 exaratur
713 2845 794 2892 solnm
804 2846 879 2898 modo,
895 2845 963 2907 quod
977 2859 1064 2893 rernm
1081 2853 1155 2906 putat
1164 2844 1232 2892 Ood.
1241 2858 1284 2892 nee
1291 2859 1330 2906 pr.
1338 2845 1417 2895 vind.

319 2911 411 2957 n-lo
429 2905 523 2955 Pitboei
535 2908 599 2956 Mae.
609 2915 677 2957 tetta
687 2907 798 2958 Casaub.
816 2909 910 2956 babent
921 2924 952 2957 ex
961 2909 1035 2958 tertie
1045 2907 1104 2967 (iat,
1121 2908 1187 2957 unde
1199 2907 1261 2971 tegit
1277 2909 1419 2972 exseruisse,

319 2977 350 3020 et
358 2971 393 3019 ite
405 2971 523 3032 reposuit
532 2971 609 3021 Grnt.
622 2985 655 3020 ex
666 2973 724 3022 Pei.
733 2976 758 3020 2.
772 2971 897 3034 probante
908 2972 1008 3021 Bactra.
1026 2973 1057 3021 ed
1078 2972 1146 3021 Ptin.
1156 2985 1219 3020 vtrr.
1230 2985 1272 3033 ep.
1284 2975 1309 3021 t.
1327 2969 1417 3022 suffr-a·

321 3035 421 3100 geutib.
429 3034 528 3084 Medio.
539 3040 564 3085 8.
576 3036 654 3085 Poiit.
664 3037 721 3100 an.
732 3037 801 3085 Dnn.
824 3037 888 3085 Turn
900 3037 964 3086 ebur
974 3047 1009 3085 ear
1020 3037 1088 3084 Edd.
1100 3038 1223 3085 Runa-t
1237 3036 1339 3086 Aaridue
1352 3037 1417 3086 Edd.

320 3101 395 3151 Jnnt.
407 3098 468 3150 did.
479 3099 572 3162 steph.
603 3099 636 3149 ln
647 3100 713 3150 Bon.
725 3102 808 3150 Perit.
818 3107 869 3149 orte
882 3101 1116 3163 praerato‚iuVen.
1127 3105 1152 3150 a.
1163 3100 1337 3160 turquoto
1348 3103 1418 3165 conj·
1454 3121 1457 3128 ·

320 3165 485 3215 Burin-arato.
518 3165 641 3214 Ceterum
659 3164 778 3228 optutu
795 3165 822 3212 in
834 3165 911 3214 vind.
923 3168 997 3214 a.-a
1015 3165 1199 3215 Part-adaerere
1211 3165 1367 3216 Perimam.
1380 3179 1418 3226 pr.

321 3233 370 3278 -3
390 3228 451 3291 Capi
462 3227 542 3277 Fouc.
575 3229 639 3279 Mox
655 3229 777 3278 attotam
793 3228 905 3278 Vinda.
938 3229 968 3277 in
980 3229 1047 3278 Edu.
1066 3229 1140 3279 Rom.
1149 3235 1174 3279 et
1183 3231 1259 3278 adsit.
1284 3230 1419 3279 Cort.Ed.

322 3291 398 3340 Rom.
409 3293 702 3342 aeconomum-a
718 3292 762 3342 Ita
773 3293 891 3357 praebent
908 3292 972 3342 Mes.
990 3294 1024 3342 0.
1045 3299 1071 3342 et
1088 3293 1155 3343 Edd.
1171 3301 1232 3342 ente
1252 3295 1363 3343 casaub.
1374 3294 1419 3357 qni

321 3356 434 3404 enatavit
444 3355 470 3404 in
481 3357 569 3419 naimo,
584 3356 653 3419 quod
665 3357 763 3421 recepit
775 3370 833 3406 cnm
851 3357 906 3408 aliie
918 3356 1015 3406 Sebiid.
1047 3357 1114 3405 Dein
1132 3361 1196 3420 petr.
1207 3357 1249 3421 fit.
1269 3371 1333 3405 unua
1344 3359 1420 3406 Torr.

323 3418 391 3469 Sunt
400 3419 442 3485 qni
455 3419 627 3484 verbumfib'ra
637 3421 796 3472 commodius
806 3420 898 3471 abesse
910 3426 1060 3483 putent-a
1078 3421 1232 3485 Suspectum
1248 3426 1288 3469 eet
1300 3421 1337 3469 ret
1353 3419 1419 3470 Era.

817 3563 928 3616 Nom

356 3673 574 3740 trutinatum]
590 3677 630 3728 Eo
640 3677 718 3742 vulgo
728 3676 850 3742 sophista
891 3688 970 3724 rere·
990 3673 1127 3722 tentantia
1144 3671 1224 3723 iniere
1247 3672 1421 3740 disputantes,

324 3747 447 3800 differunt
457 3768 474 3801 e
483 3751 650 3818 philosophie,
664 3767 713 3819 qno
729 3753 852 3802 adniteri—
893 3749 1068 3815 potiusquam
1080 3749 1247 3814 philosophos
1267 3763 1342 3799 veros
1359 3764 1419 3800 con·

323 3841 386 3877 num
397 3828 529 3878 asineero.
547 3828 855 3894 Hiceutirophirtaesonr·
894 3834 934 3878 tre
945 3825 1058 3876 iaiiaoer.

324 3903 345 3953 ti
367 3903 486 3955 videntur
504 3905 660 3968 simpliciter
679 3920 725 3970 pro
744 3904 855 3968 philoso-
927 3901 1143 3966 ¹Apparitoribrrr]
1158 3900 1421 3964 Miuietdeuutqai·

325 3978 383 4042 ptris
401 3978 452 4028 iilis
470 3978 577 4030 ntottt·
596 3983 719 4044 opposita
737 3979 853 4030 docenti·
894 3979 943 4030 boa
960 3981 1074 4029 accurati
1085 3977 1260 4029 avocabantur
1272 3976 1304 4025 ad
1317 3987 1422 4040 respou-

327 4053 392 4113 bur;
418 4055 486 4118 quod
509 4057 578 4106 enim
597 4056 703 4106 Tiberio
718 4054 752 4105 eb
771 4055 853 4104 altere
892 4051 1421 4119 dandumquod‘citare'etiamdietum

326 4135 403 4189 perte
425 4131 506 4178 stanti
528 4131 687 4182 convicietur
705 4130 749 4180 iiia
765 4128 853 4192 fuerit,
893 4139 944 4180 eat.
977 4131 1021 4180 De
1033 4131 1072 4180 irie
1090 4143 1169 4194 supra
1185 4128 1211 4176 in
1230 4126 1346 4190 Angusto
1361 4140 1422 4188 cap.

328 4209 401 4251 certe
415 4205 498 4254 innuit
509 4205 623 4268 ejusdem
635 4208 746 4270 generis.
758 4205 803 4256 sed
815 4206 854 4256 di·
894 4209 934 4256 lt.
967 4206 1043 4256 Unde
1055 4204 1282 4270 rei‘coraperere'
1293 4205 1425 4271 dicuntur,
