3120 4926
833 709 875 753 DE

609 879 1102 976 SUETONII

393 1113 600 1193 GENERE,
626 1111 756 1191 VITA,
783 1109 986 1188 STUDIIS,
1016 1109 1075 1174 ΕΤ
1099 1109 1314 1176 SCRIPTIS

628 1310 826 1370 VETERUM
850 1309 1081 1370 AUCTORUM

561 1499 1145 1610 TESTIMONIA.
1253 1505 1258 1516 ’

452 1996 583 2079 ipsein
599 1995 764 2077 Caligula,
778 1993 820 2056 de
835 1999 938 2088 ponte
953 1991 1096 2070 Gaiano,
1118 2011 1194 2076 cap.
1209 1993 1262 2056 19.

307 2113 436 2205 Avuu
453 2157 561 2202 meum
577 2144 766 2202 narrantem
779 2155 865 2218 puer
879 2134 1067 2212 audiebam,
1082 2111 1219 2200 causam
1235 2136 1345 2219 operis
1360 2139 1405 2201 ab

308 2240 519 2304 interioribus
532 2239 653 2303 aulicis
668 2237 846 2322 proditam,
861 2235 953 2318 quod
973 2234 1172 2320 Thrasyllus
1194 2236 1405 2302 mathemati·

308 2361 370 2406 cus
384 2340 485 2404 anxio
501 2337 543 2403 de
558 2357 753 2403 successore
765 2338 915 2414 Tiberio,
930 2342 964 2401 et
975 2338 1010 2400 in
1026 2357 1140 2402 verum
1155 2343 1311 2420 nepotem
1327 2359 1405 2421 pro·

307 2438 404 2517 niori,
416 2439 621 2516 affirmasset,
632 2458 699 2503 non
713 2439 820 2519 magis
831 2437 951 2502 Gaium
965 2439 1213 2520 imperaturum,
1228 2457 1329 2522 quam
1344 2460 1404 2522 per

308 2541 473 2606 Baianum
490 2541 598 2622 sinum
614 2541 712 2623 equis
726 2541 962 2605 discursurum.

468 2721 508 2786 In
524 2720 670 2797 Othone,
685 2721 726 2784 de
740 2740 850 2805 pugna
864 2721 1080 2800 Betriacensi,
1095 2741 1172 2805 cap.
1189 2723 1241 2786 10.

352 2856 506 2922 Interfuit
524 2856 603 2920 huic
624 2855 712 2919 bello
732 2860 825 2937 pater
847 2875 942 2918 meus
965 2855 1144 2920 Suetonius
1166 2855 1280 2931 Leuis,
1294 2854 1400 2917 tertie

308 2959 447 3024 decimae
468 2958 609 3039 legionis
631 2957 782 3021 tribunus
808 2955 1081 3038 angusticlavius.
1126 2957 1163 3020 Is
1184 2975 1263 3020 mox
1279 2954 1400 3018 referre

307 3060 422 3125 crebro
436 3059 579 3134 solebat,
594 3058 653 3120 &a

479 3237 519 3302 In
533 3236 740 3314 Domitiano,
754 3237 796 3300 de
808 3234 891 3299 fisco
905 3235 928 3300 J
930 3236 1062 3313 udaico,
1083 3255 1160 3318 cap.
1175 3235 1228 3298 12.

351 3377 548 3442 interfuisse
569 3395 621 3440 me
642 3375 928 3440 adolescentulum
948 3377 1092 3455 memini,
1106 3395 1180 3442 cum
1202 3395 1223 3440 a
1243 3393 1398 3458 procura-

307 3487 375 3546 tore
393 3477 660 3561 ireqnentissimo
683 3476 830 3539 concilio
852 3476 1071 3558 inspiceretur
1089 3477 1332 3559 nonagenarius
1348 3496 1398 3540 se·

307 3599 383 3659 nex,
397 3597 440 3642 au
453 3577 691 3642 circumsectus
706 3582 805 3639 esset.

587 3791 588 3796 κ
669 3756 710 3820 In
725 3757 856 3823 Nerone
873 3762 1036 3820 extremo.

351 3892 504 3975 Denique
526 3911 602 3956 cum
626 3897 705 3973 post
726 3891 843 3974 viginti
865 3909 969 3954 annos
999 3890 1212 3955 adolescente
1235 3909 1287 3956 me
1314 3891 1397 3954 exti-

307 3993 402 4056 tisset
425 3991 629 4056 conditionis
652 3993 798 4069 incerta,
821 3991 876 4074 qui
898 4011 936 4056 sc
959 3991 1126 4056 Neronem
1149 4009 1226 4054 esse
1244 3991 1397 4076 jactaret,

308 4100 376 4156 tam
390 4091 574 4156 favorabile
589 4110 707 4155 nomen
722 4091 793 4175 ejus
807 4091 898 4175 apud
919 4092 1062 4158 Parthos
1083 4092 1159 4168 fuit,
1174 4098 1212 4156 ut
1226 4093 1395 4158 vehemen-

174 4195 177 4206 '
307 4201 359 4259 ter
373 4193 521 4278 adjutus,
536 4201 570 4258 et
584 4195 643 4260 vix
657 4193 805 4258 redditus
819 4195 874 4258 sit.
