3216 4918
336 395 401 463 434
761 409 793 455 0.
814 403 994 454 suetonii

338 565 372 624 et
396 555 559 640 trepidum
590 552 668 637 egit,
691 550 941 617 mediterrancis
965 549 1052 632 egris
1078 547 1225 626 abditus,
1246 549 1424 633 vitansque

338 656 684 742 praeternavigantium
699 653 821 732 officie,
837 655 960 736 quibus
985 651 1264 734 frequentabatur
1279 651 1426 728 assidue,

337 761 466 824 nemine
489 777 566 822 cum
590 757 731 839 imperio
752 763 810 819 eut
832 754 1026 833 magistratu
1054 752 1211 818 tendente
1232 759 1427 836 quoquam:

338 861 417 945 quin
432 860 634 924 deverteret³
666 855 833 922 Rhodum.
859 923 861 928 Α
878 855 921 920 Et
935 859 1150 920 secesserunt
1164 853 1326 936 ιιιιιιόιίε4
1348 853 1427 917 soli-

338 961 494 1026 citudinis
506 979 631 1026 cousue-
665 959 821 1042 Namque
837 957 1021 1040 privignum
1037 955 1177 1032 (laium,¹
1194 954 1325 1018 Orienti
1340 971 1428 1037 prue-

337 1063 493 1146 positum,
513 1081 589 1126 cum
614 1059 742 1128 risendi
768 1061 876 1142 gratie
896 1058 1082 1141 trajecisset
1105 1056 1267 1135 Sumum,t
1291 1054 1427 1120 alienio-

338 1183 406 1226 rem
422 1163 488 1226 sibi
514 1163 620 1226 sensit
644 1179 687 1224 ex
715 1159 999 1224 criminationibus
1023 1155 1074 1220 M.
1096 1157 1209 1235 Lollii,
1236 1157 1368 1222 comitis
1392 1162 1430 1219 et

337 1265 474 1328 rectoris
493 1263 576 1345 ejus.
620 1262 720 1327 Venit
742 1261 843 1326 etiam
866 1261 900 1328 iu
924 1259 1167 1341 suspicionem,
1182 1275 1242 1340 per
1265 1256 1428 1341 quosdam

338 1363 491 1428 beneficii
505 1365 579 1427 suil
596 1362 822 1438 Centuriones,
838 1367 882 1425 α’
905 1365 1118 1426 commeatu*
1140 1363 1251 1423 cestm
1272 1363 1426 1441 repeten-

338 1469 400 1542 tes,
414 1463 571 1528 mandata
596 1464 640 1528 ed
661 1463 852 1545 complures
873 1461 1007 1526 dedisse
1023 1459 1189 1542 ambigue,
1206 1463 1241 1523 et
1254 1478 1330 1542 quae
1356 1463 1429 1523 ten·

338 1569 409 1628 tere
424 1565 627 1647 singulorum
643 1565 771 1629 animos
786 1563 827 1627 ed
850 1582 956 1628 noves
971 1583 1025 1626 res
1041 1560 1242 1628 viderentur.
1286 1561 1339 1624 De
1359 1577 1428 1642 qua

338 1664 529 1745 suspicione
545 1665 663 1728 certior
678 1666 721 1728 ab
741 1663 897 1746 Augusto
911 1663 1033 1740 sactus,
1053 1682 1120 1727 non
1141 1661 1288 1726 cesserit
1302 1660 1427 1742 efflagi-

338 1768 408 1827 ture
424 1764 577 1846 aliquem,
608 1763 790 1848 cujuslibet
813 1764 972 1840 ordinis*
994 1763 1169 1828 custodem
1199 1762 1298 1826 iactis
1322 1767 1426 1844 etque

794 1939 971 1962 euentum

339 2055 416 2104 docet
425 2054 513 2103 Burro.
547 2053 630 2102 Etism
642 2054 744 2117 tqidsrs
759 2055 872 2117 Cep-t
889 2055 976 2117 Vulgo
986 2055 1073 2104 disert-
1083 2053 1146 2103 illnd
1162 2053 1278 2116 reposuit
1295 2066 1352 2102 corn
1364 2052 1429 2102 Mes.

340 2119 429 2167 Bnrnr.
446 2118 601 2167 divertentes
612 2117 689 2166 Vind.
699 2122 725 2167 θ.
736 2119 808 2169 Cori.
821 2117 880 2180 euj.
892 2118 959 2168 Edd.
967 2119 1040 2168 Rom.
1065 2120 1226 2168 deterioretur
1236 2116 1360 2168 Groslotii
1371 2117 1430 2165 rod.

339 2190 367 2230 et
379 2183 415 2230 its
426 2183 489 2244 legit
504 2182 594 2232 ileins.
605 2180 636 2230 sd
650 2181 727 2230 Ouid.
743 2181 802 2230 Am.
815 2195 845 2230 ιι.
855 2187 880 2232 d.
896 2185 921 2231 9.
940 2181 983 2231 nbi
999 2181 1153 2248 typographi
1172 2182 1262 2230 sitium
1273 2195 1329 2230 ssss
1339 2181 1430 2229 eredst

340 2243 458 2294 oud-t
476 2245 574 2306 Mngnoe
593 2247 644 2294 soll.
668 2245 745 2293 vind.
763 2250 786 2293 l.
807 2245 879 2294 Cert.
898 2246 989 2309 Cump.
1029 2245 1097 2294 item
1117 2246 1285 2308 primigenium
1303 2245 1387 2294 Poris.
1403 2246 1429 2292 in

339 2322 422 2374 marg.
438 2315 465 2358 et
476 2309 540 2358 Lolli
556 2308 621 2359 Mse.
636 2307 735 2372 sliqoot
749 2315 777 2358 et
793 2309 860 2358 Edd.
872 2310 992 2361 vett-t
1009 2309 1104 2360 Mellet
1122 2311 1194 2360 'lorr-
1214 2309 1345 2374 prreposit.
1356 2323 1373 2357 o
1383 2307 1427 2358 sb·

830 2469 937 2520 NOTAE

340 2578 430 2626 Varios
456 2577 530 2641 bnjns
559 2578 678 2628 recubuit
705 2577 864 2644 significatus
899 2578 989 2630 diebus
1011 2577 1201 2642 pertruuntur
1221 2575 1430 2642 rationes3quin

340 2652 397 2702 irrue
409 2661 559 2716 prosecutus
569 2662 609 2702 eet
622 2653 721 2703 Gellius
732 2669 756 2705 c.
766 2659 806 2706 lt.
816 2655 863 2704 lib.
900 2661 926 2704 et
940 2669 1026 2704 eorum
1038 2655 1143 2704 nomios
1162 2655 1188 2704 in
1204 2651 1321 2704 serarium
1334 2651 1430 2703 resere-

340 2742 392 2777 vrr.
900 2731 1001 2786 bsntur,
1025 2730 1093 2779 unde
1113 2727 1230 2778 ‘referre
1250 2728 1275 2776 in
1293 2727 1425 2778 benefieiis

372 2807 382 2831 ¹
399 2801 533 2864 Qsopurm]
550 2802 582 2850 in
592 2802 770 2850 trsnsrnsrinss
781 2802 863 2866 regio·
899 2803 932 2853 sd
943 2805 1077 2854 erarium-¹
1111 2804 1150 2854 lis
1166 2803 1288 2852 militibus
1299 2803 1426 2865 eiusmodi

340 2886 396 2935 nes,
406 2873 492 2921 Asiani
503 2889 527 2922 v.
539 2890 565 2938 g.
577 2876 616 2924 rel
630 2875 753 2932 Africum.
764 2879 815 2926 dre.
851 2883 859 2890 ”
900 2879 1027 2944 vegetius
1038 2880 1083 2929 lib.
1094 2893 1125 2928 rr.
1136 2891 1160 2928 e.
1168 2883 1194 2928 7.

371 2949 540 3012 ‘Privignum
562 2950 658 3013 Cutem]
685 2951 747 3000 ideo
767 2952 865 3004 Tiberii
932 2952 1134 3015 'Aeommestsss
1152 2951 1309 3017 Propositio
1325 2951 1373 3001 ‘s’
1388 2965 1431 3001 sn·

340 3025 472 3088 privignus
484 3026 588 3087 dieitur,
606 3026 666 3090 quis
681 3025 759 3077 Julius
776 3028 864 3076 uxoris
900 3029 979 3079 mitur
990 3030 1032 3079 hic
1045 3045 1093 3094 pro
1111 3027 1295 3093 propositione
1313 3035 1381 3092 post,
1400 3035 1430 3077 ut

338 3099 433 3148 'liberii
444 3099 512 3149 filius
531 3106 587 3149 erut
605 3115 637 3150 ex
650 3099 766 3163 Agrippa
777 3101 863 3163 priore
900 3105 935 3152 sit
952 3118 1055 3152 sensns:
1074 3105 1247 3154 Centuriones
1266 3103 1323 3152 illos
1335 3103 1361 3152 in
1373 3116 1429 3150 css·

340 3176 440 3237 marito,
456 3183 484 3224 ut
495 3189 571 3240 suprs
583 3176 608 3224 in
621 3174 824 3238 superiecto.
835 3183 864 3228 et
901 3183 941 3227 trs
951 3185 1111 3230 revertentes
1119 3179 1263 3242 explevisse
1273 3183 1429 3227 commestus

339 3251 410 3298 tlibi.
901 3254 1015 3305 concessi
1038 3262 1155 3318 tempusr
1183 3259 1340 3302 commestus
1361 3251 1428 3301 eninr

371 3325 378 3356 ¹
394 3323 503 3387 Samum]
530 3325 619 3376 lnsuls
630 3331 671 3376 est
686 3327 763 3376 muris
775 3326 863 3392 lcsrii,
900 3329 1029 3393 significet
1046 3338 1149 3392 tempus
1159 3327 1223 3377 illud
1235 3328 1302 3391 qued
1314 3327 1430 3388 impers-

340 3399 417 3449 etism
436 3401 512 3451 lrodie
531 3402 609 3451 Some.
643 3403 742 3451 Contra
761 3403 862 3452 omnino
901 3409 941 3453 tor
952 3401 1069 3465 indulget
1085 3403 1160 3452 militi
1172 3403 1213 3449 sel
1231 3401 1383 3455 centurioni,
1400 3405 1430 3450 nt

339 3475 455 3524 Velleius
466 3476 510 3524 lib.
526 3489 557 3524 rr.
571 3491 594 3524 c.
607 3480 662 3524 rur.
678 3475 760 3525 refert
772 3476 862 3526 Caium
900 3480 956 3527 sine
966 3479 1043 3541 cnlps
1055 3477 1168 3526 scsstris
1180 3474 1367 3524 sbesselicest:
1379 3474 1430 3525 lrnc

338 3549 438 3598 venisse
450 3550 481 3598 sd
493 3548 630 3598 Tiberium.
662 3549 786 3600 Suetonio
802 3551 862 3599 osti-
900 3558 985 3600 sutem
1004 3552 1103 3612 elapso,
1120 3551 1141 3598 si
1159 3546 1256 3597 reversi
1267 3559 1316 3596 non
1333 3557 1431 3610 essent,

340 3623 443 3685 puletur
455 3625 523 3686 Dio;
540 3625 584 3672 sed
597 3625 622 3672 ln
635 3625 724 3675 Chium
744 3625 863 3690 insulem,
899 3625 1058 3673 desertorum
1071 3631 1116 3672 erit
1127 3635 1287 3670 enrsnsorum
1306 3621 1353 3686 (de
1373 3624 1430 3688 qul·

340 3711 390 3746 non
401 3697 502 3746 Samum
515 3699 613 3746 obviem
624 3699 699 3748 ivisse
711 3698 782 3750 dicit.
899 3697 947 3747 bus
958 3697 982 3746 ln
993 3697 1065 3748 tutto
1075 3712 1100 3746 e.
1110 3696 1165 3760 dl.)
1182 3698 1239 3745 loco
1256 3696 1428 3748 nubebantur.

369 3783 381 3807 ¹
399 3772 574 3837 Benptrs'isui]
595 3773 779 3823 Berreficisrios
797 3775 862 3826 indi·
900 3773 971 3823 Hinc
980 3773 1130 3823 Suetonium
1146 3773 1297 3822 Torrentius
1309 3781 1426 3836 rccuset,

338 3855 396 3910 cet3
413 3850 450 3899 sic
461 3849 527 3899 enlm
539 3849 557 3898 ii
572 3849 635 3898 dieti
652 3856 721 3910 sunt,
736 3849 863 3913 qnoslm·
899 3849 972 3911 qussi
998 3847 1082 3896 miuus
1100 3847 1202 3910 proprie
1224 3847 1348 3903 locutum,
1368 3859 1426 3896 curs

337 3926 520 3986 perstoresrel
538 3925 724 3988 provinciarum
740 3932 863 3988 rectores,
900 3923 966 3974 dixit
982 3923 1016 3973 ‘s
1037 3922 1200 3979 commestu‚’
1216 3937 1263 3986 pro
1290 3921 1339 3971 ‘sd
1358 3921 1427 3972 dleru

340 4007 384 4047 ant
396 4003 472 4049 etiarn
483 4001 588 4050 Tribuni
600 4001 706 4050 militum
728 4015 861 4064 promove·
899 3999 1076 4057 commestus:
1091 4005 1119 4047 ut
1125 3998 1298 4062 jureconsulti
1311 3997 1343 4046 sd
1355 3995 1427 4058 leges

339 4071 401 4121 bunt
413 4075 444 4121 sd
457 4076 562 4124 altiores
579 4075 676 4124 militine
694 4075 801 4138 gradus,
817 4076 861 4124 scd
900 4078 923 4124 1.
934 4089 966 4124 ιι.
978 4087 1037 4124 ιιι.
1049 4072 1076 4124 ff.
1089 4073 1159 4123 dere
1171 4073 1290 4124 milltsri:
1308 4078 1354 4122 sut
1370 4071 1425 4120 sino

337 4157 368 4192 es
380 4161 479 4210 semper
490 4150 646 4206 conditione,
664 4156 691 4199 ut
709 4164 740 4198 ss
761 4163 862 4200 sueces-
899 4151 1091 4214 propositione,
1100 4158 1129 4199 nt
1142 4148 1211 4199 inire
1222 4163 1244 4198 c.
1255 4152 1297 4199 ll.

340 4219 439 4268 roribus
450 4229 506 4270 rste
516 4237 566 4272 non
578 4224 738 4286 strennuis!
755 4225 862 4286 triginta
930 4231 946 4256 '
965 4223 1094 4284 celabis!
1114 4221 1215 4286 ordinis]
1228 4219 1370 4286 ‘Benstorlb
1390 4221 1426 4272 E·
