3120 4926
249 407 294 474 22
396 427 445 476 nr
469 425 658 476 sunrouro
682 425 933 488 rusucurnno
956 425 1203 478 uusrrnours.

329 665 353 731 J
355 665 502 732 ohannes
514 665 776 731 saresberiensis
795 665 1002 730 Policratico
1021 665 1094 730 sive
1111 667 1153 730 de
1167 666 1262 749 nugis

538 767 713 832 curialium
729 767 804 832 Lib.
821 783 904 830 vrrr.
918 786 997 851 cap.
1012 766 1065 833 18.

297 900 386 966 Haec
405 899 539 984 quidem
559 907 701 984 possunt
721 908 757 964 et
782 894 983 983 epud'alios
1006 900 1187 966 historicos
1209 881 1349 966 inveniri

253 1001 419 1079 diffusius,
435 1005 494 1084 qni
513 1009 723 1085 tyrannorum
738 1003 930 1068 atrocitates
944 1011 980 1066 ct
994 1003 1107 1068 exitus
1120 1005 1262 1068 miseros
1275 1004 1348 1086 ple·

154 1117 158 1126 ·
251 1104 328 1187 nius
344 1102 502 1167 scribunt
546 1101 635 1180 Quae
656 1103 687 1168 si
710 1104 788 1184 quis
811 1102 999 1184 diligentius
1020 1105 1182 1170 recenseri
1197 1105 1348 1181 voluerit,

253 1206 344 1288 legat
363 1223 405 1269 ee
430 1223 508 1286 quae
526 1202 657 1286 Trogus
673 1203 865 1288 Pompeius,
879 1204 1063 1288 Josephus,
1079 1203 1279 1288 Egesippus,
1302 1203 1349 1283 Q.

254 1305 401 1384 Curtius,
423 1303 601 1370 Cornelius
622 1303 774 1384 Tacitus,
795 1305 837 1369 Τ.
852 1304 984 1384 Livius,
998 1306 1152 1384 Serenus,
1174 1313 1209 1372 et
1228 1306 1349 1370 Sueto·

252 1408 329 1472 nius
342 1405 573 1488 Tranquillus,
587 1415 623 1471 et
644 1406 703 1472 ulii
722 1406 885 1484 historici,
898 1425 985 1490 quos
999 1409 1190 1474 enumerare
1212 1408 1349 1491 longum

254 1515 319 1587 est,
336 1508 410 1574 suis
424 1508 740 1592 comprehenderim
751 1509 912 1576 historiis.

491 1719 625 1786 Servius
641 1723 677 1785 in
693 1721 826 1786 AEneid.
842 1717 918 1784 Lib.
934 1735 1019 1786 vrrr.
1033 1719 1111 1786 680.

236 1875 246 1900 ·
297 1853 501 1920 Naturaliter
514 1854 603 1918 euim
619 1852 790 1936 Augustus
811 1855 928 1938 igneos
950 1854 1070 1920 oculos
1093 1853 1252 1919 habuisse
1268 1855 1350 1919 dici-

255 1961 319 2034 tur,
341 1954 427 2022 adeo
449 1961 486 2021 ut
507 1956 644 2039 quidam
666 1976 770 2040 eques
793 1955 969 2022 Romanus
990 1958 1214 2039 iuterrogatus
1236 1957 1279 2020 ah
1299 1975 1352 2034 eo,

255 2077 313 2123 our
333 2076 369 2122 se
390 2057 464 2123 viso
485 2061 626 2122 verteret
646 2056 781 2136 faciem,
798 2057 934 2134 dixerit,
950 2057 1030 2140 quia
1043 2057 1167 2122 fulmen
1178 2059 1352 2125 oculorum

253 2159 485 2250 tuornmterre
498 2178 564 2224 non
577 2169 728 2244 possum,
741 2159 830 2226 sicut
844 2159 892 2225 ait
907 2158 1099 2226 Suetonius.
