3208 4918
660 431 859 481 courville.
941 471 945 478 .
1246 425 1313 490 1108

216 573 354 652 or'dinis,
370 573 510 640 tunicati
526 580 560 640 et
573 571 753 652 discincti}
775 577 980 660 pedibusque
993 577 1101 656 nodie,
1116 597 1156 644 ac
1172 579 1311 647 Mauso-

217 675 326 743 leo⁶¹²
369 677 596 742 condiderunt.
655 677 698 742 Id
725 696 815 760 opos
842 679 925 743 inter
956 677 1184 744 Flaminium⁷
1225 683 1314 746 viem

217 779 395 862 ripamque
409 777 541 844 Tiberis
556 787 656 844 sexto
666 799 729 844 suo
742 779 915 845 consulatu
926 785 1161 848 exstruxerat:
1175 783 1317 848 circum·

212 881 392 964 jectosque
405 879 519 964 sylvas
532 887 566 946 et
579 881 846 947 ambulationes¹²
865 882 899 946 in
914 901 1011 946 usum
1028 885 1146 967 populi
1157 884 1228 967 jem
1245 893 1317 949 turn

217 980 421 1064 publicarat.
460 982 566 1066 [tou]
579 983 843 1062 Testamentum,
853 983 892 1048 L.
905 983 1049 1064 Planco,
1060 985 1100 1049 C.
1114 985 1214 1050 Silio⁸
1229 985 1319 1050 Con-

217 1081 361 1160 sulibus,
384 1083 480 1147 tertio
497 1083 616 1148 Nonas
631 1083 773 1167 Aprilis,
791 1093 869 1149 ante
885 1105 1005 1150 annum
1020 1091 1053 1150 et
1070 1092 1214 1168 quotuor
1226 1105 1315 1151 men·

218 1203 286 1260 ses,
307 1203 411 1268 quum
432 1183 620 1263 decederet,
641 1185 770 1250 luctum
791 1188 835 1251 ab
854 1206 907 1264 eo,
923 1205 963 1251 ac
979 1187 1112 1252 duobus
1129 1189 1317 1263 codicibus,

219 1287 342 1368 partim
371 1286 492 1370 ipsios,
517 1289 641 1372 purtim
662 1287 855 1352 libertorum
882 1287 1043 1372 Polybii⁹
1064 1294 1096 1353 et
1128 1289 1315 1354 Hilarionis

218 1633 260 1680 dl.
288 1630 369 1680 Panlo
392 1637 452 1695 post
470 1631 496 1680 in
507 1630 585 1680 Viod.
604 1633 627 1680 1.
647 1631 751 1696 equestri
765 1631 865 1681 ord-o
881 1630 958 1688 Vols.
974 1629 1000 1680 is
1023 1631 1105 1680 Mors·
1123 1627 1168 1679 sed
1186 1631 1320 1694 proposit.

219 1695 340 1745 omittunt
351 1695 418 1744 Duo.
435 1697 515 1746 Fouc·
529 1695 593 1757 cop.
603 1695 663 1760 Coj.
679 1696 778 1746 Medic.
794 1694 873 1745 vind.
887 1699 912 1745 2.
924 1693 997 1744 Voss.
1020 1695 1100 1745 Polit.
1120 1695 1321 1759 astipulantibus

218 1757 310 1809 Heius.
323 1759 412 1810 Burni.
425 1759 494 1812 Ood.
504 1766 532 1808 et
543 1760 608 1810 eliis.
620 1759 757 1810 Mossmteo
774 1760 854 1810 Polit.
865 1759 988 1808 Musseolo
1003 1759 1071 1809 Edd.
1086 1759 1210 1809 Rom-'1
1229 1760 1320 1808 Flumi-

217 1837 286 1872 nesss
297 1823 373 1874 Vind.
387 1829 408 1873 Ι.
419 1824 504 1874 Petis.
517 1824 583 1873 Edd.
594 1824 667 1875 lions.
678 1825 743 1873 Ven-
752 1823 826 1874 Med.
851 1823 914 1872 Mos
925 1829 949 1872 et
960 1823 987 1871 in
995 1838 1033 1873 ιιι.
1045 1823 1163 1872 Heriem.
1178 1822 1319 1874 Eddven.

220 1887 292 1936 Med.
307 1888 388 1950 and.
399 1889 473 1940 Jssnt.
484 1887 543 1938 Ald.
572 1888 679 1937 lisbont
689 1888 742 1948 iuss
754 1895 811 1937 tene
822 1886 921 1936 Medic.
933 1892 956 1935 1.
972 1887 1054 1936 Polit.
1068 1889 1126 1936 Pal.
1138 1892 1163 1937 2.
1176 1887 1281 1937 Menum.
1292 1895 1320 1937 et

220 1952 253 1998 sl.
264 1965 322 2000 com
335 1951 382 2002 sd.
393 1952 614 2014 disputariue
625 1954 681 2003 Psl.
692 1957 715 2001 s.
727 1951 868 2001 tmdeest
879 1951 938 2000 Pal.
949 1955 1024 2000 1.-8
1043 1951 1072 1998 G.
1085 1951 1149 2000 Filio
1168 1951 1233 1998 Edd.
1244 1951 1318 2002 Rom.

218 2015 290 2064 Med.
303 2017 367 2064 Ven.
378 2021 401 2066 ι.
414 2017 443 2065 C.
454 2017 538 2066 Fuluio
550 2017 627 2065 vind.
638 2021 661 2066 l.
672 2022 696 2065 et
708 2017 819 2066 Considio
832 2015 908 2063 vind.
918 2018 942 2063 θ.
953 2013 1051 2063 consitio
1063 2013 1128 2078 Cep.
1144 2015 1209 2064 Tum
1222 2014 1319 2077 Apriles

219 2079 327 2128 Merum.
338 2079 404 2130 sud.
419 2080 492 2130 Med.
505 2081 622 2131 Vsu-e
638 2080 720 2130 Polibi
730 2081 771 2129 uel
787 2079 874 2142 Polybi
884 2078 991 2127 Memno.
1005 2077 1063 2126 Psi.
1075 2084 1109 2126 tr.
1122 2077 1239 2128 Heriem.
1252 2079 1319 2142 Cop.

219 2142 304 2193 Poris.
316 2144 376 2208 cul.
386 2151 414 2196 et
426 2145 493 2196 Edd.
505 2145 586 2210 antiq.
597 2159 655 2194 com
667 2143 765 2194 llledie.
782 2147 808 2194 ι.
818 2147 843 2194 s.
853 2142 932 2194 vind.
950 2141 1032 2206 Polipi
1046 2141 1118 2193 Duo.
1151 2143 1274 2192 Ceterum
1292 2143 1318 2192 iu

710 2329 816 2381 NOTAE

220 2444 331 2508 quodem
342 2445 385 2495 lini
396 2445 525 2505 ἄσειστον,
541 2447 590 2496 ltoc
606 2451 647 2496 est
658 2445 744 2494 incoss-
816 2440 823 2476 ¹
842 2441 953 2492 roseus
964 2448 989 2493 et
1007 2441 1129 2505 discincti]
1147 2441 1206 2492 Hoc
1217 2441 1244 2490 in
1257 2441 1318 2490 ulio·

219 2519 293 2578 besti,
303 2529 409 2570 uerrunt
420 2521 508 2586 aliqui,
526 2521 552 2570 ld
570 2520 744 2572 commentiti-
786 2532 841 2569 rum
851 2533 954 2583 quoqne
966 2517 1098 2570 itineribus
1110 2517 1207 2568 luctum
1217 2517 1316 2567 indicet

220 2607 261 2642 urn
275 2595 419 2656 existimat,
432 2605 459 2646 et
471 2611 504 2646 ex
516 2596 595 2646 Plinii
609 2607 744 2659 perperam
785 2595 900 2645 'l'ibollus
913 2611 920 2644 ι
933 2594 1082 2660 ‘Parsque
1093 2595 1150 2644 sola
1161 2593 1210 2642 mei
1222 2606 1311 2655 super·

220 2669 343 2734 explicati
353 2671 506 2721 auctoritate
519 2669 744 2720 tusledeductusu:
785 2669 841 2719 obit
867 2669 991 2733 corporis,
1014 2683 1072 2718 osss
1091 2667 1217 2718 incinctus
1241 2669 1316 2730 nigre

220 2743 297 2808 hujus
321 2753 407 2795 tsroeu
430 2754 522 2809 sporta
545 2746 647 2797 ridetur
668 2759 746 2808 super
785 2743 896 2794 candidu
914 2751 987 2794 reste
1006 2742 1112 2806 legent!
1144 2742 1231 2792 Nudis
1250 2755 1314 2807 quo·

219 2819 267 2868 lise
280 2833 307 2868 rs
322 2823 462 2879 sententis,
477 2821 592 2872 tiburs.
605 2826 663 2872 nl.
684 2821 746 2871 ‘lo·
785 2835 836 2885 que
857 2819 965 2883 pedibus
987 2819 1050 2868 olins
1071 2818 1234 2868 cerimoniss
1257 2831 1315 2879 per·

219 2901 324 2946 rentum
336 2905 377 2944 est
389 2897 466 2946 etisns
483 2895 589 2963 (linum)
600 2897 667 2962 qood
679 2896 745 2960 igui-
785 2895 906 2958 sgebsst,
934 2901 963 2944 ut
988 2893 1022 2944 de
1043 2893 1190 2954 Vestslibus
1220 2894 1309 2944 noros

219 2970 266 3020 bus
278 2985 328 3021 ooo
340 2971 523 3022 absumeretur.
556 2972 688 3023 Virumid
702 2987 745 3022 vo·
786 2969 1056 3020 testatoribus.
1080 2973 1119 3019 ts.
1139 2978 1167 3018 et
1178 2969 1256 3018 Ovid.
1271 2983 1311 3020 vs.

219 3055 289 3106 eunt,
305 3047 478 3112 ardentesque
495 3047 520 3098 iu
539 3046 604 3098 focis
615 3047 745 3097 convivio·
786 3045 855 3095 esst.
872 3044 948 3094 ‘idue
956 3043 1023 3108 pede
1035 3051 1176 3095 metrousm
1184 3043 1254 3096 nude
1265 3045 1311 3094 de·

220 3134 275 3168 rom
294 3135 328 3170 ex
345 3135 377 3172 eo
391 3122 500 3173 vidimus
510 3138 618 3188 msppss
627 3123 745 3173 sordibus
785 3120 913 3170 scendere
926 3118 998 3176 ridi,'
1010 3123 1059 3168 duc.

221 3195 320 3245 exustis
341 3197 556 3261 splendescentes
583 3199 634 3261 igni
663 3199 744 3263 magis
816 3203 833 3230 ¹
853 3195 985 3259 Mausoleo]
1003 3193 1313 3258 Hojnssdbocsisoutsr

220 3262 295 3334 quam
306 3281 412 3336 possent
423 3275 503 3340 equis.
531 3273 746 3338 Rspomindstu·
786 3271 901 3334 reliquie
920 3283 1002 3333 prope
1021 3268 1128 3318 Adrlsnl
1140 3269 1310 3334 Mausoleum,

220 3345 313 3396 nebres
332 3348 426 3397 tunice
450 3349 565 3412 eorporis
580 3347 695 3399 isvillsm
712 3349 746 3398 sb
785 3345 852 3411 qood
873 3345 948 3394 bodie
971 3351 1082 3394 montem
1102 3343 1193 3394 Sancti
1215 3344 1311 3408 Augeli

219 3421 319 3486 reliquo
327 3433 448 3485 separent
456 3423 561 3486 cinere,'
571 3427 621 3475 dre.
653 3425 746 3476 Fateor
785 3421 934 3486 indigitant.

220 3497 339 3560 equidem
350 3499 411 3547 illud
423 3499 449 3548 in
461 3501 684 3564 osurulgsriesss
696 3513 745 3550 uuo
817 3495 1030 3559 esnosureses]
1045 3495 1110 3546 Sues
1127 3495 1205 3545 etlsm
1222 3508 1313 3545 mono·

221 3573 343 3634 potuisse,
360 3571 425 3622 sdeo
444 3573 571 3638 siquidem
590 3576 695 3628 inventu
707 3589 746 3624 rs·
786 3575 879 3623 mentis
900 3575 973 3636 leges
991 3571 1170 3636 imponebant,
1190 3585 1223 3620 ns
1244 3586 1267 3620 v.
1283 3585 1310 3634 g.

222 3661 277 3695 rum
286 3655 349 3706 erst,
361 3657 390 3698 ut
402 3650 534 3700 inventum
544 3658 659 3715 equares
670 3651 745 3714 ‘pre·
786 3650 919 3715 quoquam
937 3646 1076 3697 inferretur
1088 3653 1179 3698 contre
1192 3647 1311 3710 vetitum,

223 3723 260 3771 tis
282 3725 463 3774 excellentium
487 3726 699 3786 musoritaromss
717 3732 746 3775 ut
786 3733 816 3774 ut
827 3725 860 3774 de
875 3724 929 3774 filis
939 3739 986 3773 sos
996 3733 1022 3772 et
1033 3733 1113 3788 nepte
1124 3723 1256 3788 Augustus
1268 3734 1312 3773 se·

221 3797 259 3848 sit
274 3797 342 3848 idem
362 3801 457 3851 ibidem
471 3801 583 3852 Plinius:
602 3801 648 3851 sed
659 3808 688 3851 ut
699 3801 745 3850 eli·
786 3802 844 3857 tuit,
855 3800 976 3850 terminos
988 3799 1148 3862 statuebsot,
1158 3806 1187 3848 ut
1199 3797 1260 3864 quid
1272 3811 1312 3848 re·

221 3872 284 3936 quid
293 3873 328 3922 sit
336 3887 430 3930 rurorn,
441 3875 622 3924 uonoontinuo
629 3875 746 3938 sequitur
786 3875 868 3938 ligiosi
880 3875 941 3930 loci,
951 3873 1013 3938 quid
1027 3875 1083 3938 pori
1098 3874 1168 3924 eires
1184 3875 1312 3938 relinque·

220 3946 390 4000 nollumesse.
423 3949 501 3998 Plinii
511 3949 661 4000 sootoritsti
672 3963 746 3997 scoe-
786 3958 869 4008 retur,
895 3955 1044 4012 sppsreret.
1077 3952 1119 3999 De
1143 3961 1195 4013 quo
1216 3949 1311 3999 videsis

219 4023 293 4073 ditet
304 4025 436 4074 Plutarchi
448 4041 455 4086 ;
467 4026 488 4074 is
496 4025 575 4086 enim,
583 4024 628 4074 lib.
636 4023 669 4072 de
679 4022 746 4072 Ora·
787 4023 889 4074 Horetii
902 4024 1065 4087 lnterprstes
1078 4025 1110 4074 sd
1121 4024 1177 4074 Sat.
1189 4029 1214 4074 8.
1231 4024 1275 4074 ub.
1291 4038 1311 4074 r.

220 4100 335 4149 culorum
348 4100 463 4162 deiectu,
483 4099 563 4149 trsdit
583 4098 660 4150 lioutn
676 4098 701 4149 id
720 4099 745 4148 io
787 4106 814 4148 et
825 4099 859 4148 de
870 4097 1084 4149 smbulstiooibos
1095 4100 1147 4149 illis
1160 4099 1312 4150 strabonem

221 4189 285 4236 rope
308 4177 429 4240 Carystio
449 4176 530 4232 stessi,
550 4177 601 4225 dre.
626 4174 748 4225 Meminit
787 4174 831 4223 lib·
844 4187 871 4223 v.
882 4173 924 4224 ubi
937 4172 1007 4223 etde
1024 4173 1160 4225 Mausoleo
1171 4180 1227 4228 toto
1238 4176 1313 4239 ploro

222 4251 300 4301 etism
312 4251 455 4304 Pausanias
465 4253 490 4300 iu
504 4250 608 4302 Atticis.
788 4255 814 4300 et
825 4247 928 4313 egregie
938 4255 1037 4302 usrrst.
