3216 4918
300 387 364 452 454
725 399 756 446 a.
780 395 960 445 suuronrr

299 561 405 610 causa
425 547 498 606 eret
520 545 626 604 metus
647 539 795 622 undique
820 537 1060 601 imminentium
1082 535 1329 600 discriminum:
1351 541 1389 600 ut

300 665 405 728 saepe,
418 642 555 724 ‘lupum
568 661 604 704 se
618 642 785 706 nuribus1¹¹
800 636 929 716 renero:
945 639 1080 702 diceret.
1125 636 1160 699 N
1162 657 1216 700 um
1227 643 1262 701 et
1272 655 1387 702 servus

299 746 472 826 Agrippae,
488 741 641 806 Clemens
656 743 800 817 nomine,
813 760 878 804 non
894 737 1189 804 contemnendam⁶
1204 757 1338 802 munnm
1353 738 1388 801 in

298 847 458 910 ultionem
484 843 609 908 domini
632 850 860 926 compararat:
881 847 913 905 et
928 842 967 905 L.
983 841 1174 904 Scribonius
1201 839 1312 915 Libo,¹²
1336 839 1388 901 vir

299 948 436 1025 nobilis,
450 965 502 1010 res
518 963 624 1010 novas
639 945 724 1009 olum
740 945 959 1008 moliebatur:
982 948 1017 1004 et
1031 941 1155 1023 duplex
1167 941 1288 1004 seditio
1303 940 1388 1002 mili-

299 1055 380 1125 tum,
396 1047 431 1110 in
449 1047 583 1129 Illyrico
607 1053 642 1110 et
663 1047 697 1108 in
716 1045 908 1120 Germania,
925 1050 1042 1107 exortu
1065 1050 1128 1106 est.
1173 1041 1387 1122 Flagitubant

300 1151 397 1214 ambo
410 1148 577 1212 exercitus
592 1146 695 1211 multu
705 1154 802 1211 extra
817 1147 985 1209 ordinem:
999 1149 1072 1206 uate
1088 1143 1211 1220 omniu,
1226 1149 1263 1206 ut
1274 1162 1386 1226 aequu·

298 1257 405 1315 rentur
438 1247 603 1331 stipendio
647 1247 864 1329 praetorianis.
917 1243 1190 1308 Gernrauiciuni⁰
1213 1243 1385 1325 ·quidem⁷

753 1439 939 1462 'nmo

300 1579 368 1627 Duru.
401 1573 468 1622 Tum
487 1587 540 1622 aur.
555 1585 579 1621 ra
596 1578 644 1621 teu.
656 1571 735 1622 Vind.
747 1579 772 1622 t.
795 1572 1066 1623 reimmellind.2.-d
1084 1569 1255 1619 Cmrtinendaan
1265 1569 1339 1618 Vuae.
1360 1575 1387 1618 et

301 1639 369 1690 infra
379 1645 433 1687 orta
444 1643 478 1686 eri
490 1635 601 1684 vinde.
619 1637 691 1686 Cart.
713 1638 778 1686 Edd.
791 1639 912 1687 Rom-'l
932 1638 1007 1686 lianc
1019 1637 1079 1684 lect.
1092 1635 1140 1683 Ed.
1151 1633 1240 1696 steph.
1251 1633 1386 1697 prabntnnr

300 1705 408 1754 l‘nrnnb.
418 1701 504 1750 Geren.
518 1700 586 1748 Oud.
602 1701 691 1749 Barm.
712 1710 739 1750 et
750 1703 783 1751 al.
795 1701 946 1751 confirmant
956 1701 1063 1748 Tornae.
1076 1697 1152 1746 Vind.
1165 1700 1188 1745 l.
1222 1697 1306 1745 litium
1319 1699 1386 1746 Proe·

300 1767 399 1817 teriuaia
411 1764 588 1812 Germaniciani
605 1779 636 1810 ex
654 1763 719 1814 Cod.
739 1781 783 1814 ιιιο
801 1767 915 1828 praetulit
926 1765 1050 1814 Glarenn.
1061 1772 1186 1826 requerire
1197 1760 1258 1809 Aru.
1270 1761 1386 1824 aliisque.

300 1829 482 1880 accedentibus
492 1827 596 1875 Memm.
610 1829 677 1876 llun.
708 1829 734 1876 ni
746 1829 823 1879 etium
835 1844 892 1878 cum
902 1829 968 1878 Edd.
980 1827 1102 1876 exhibent
1112 1825 1214 1887 quidam,
1226 1831 1253 1873 et
1265 1825 1290 1872 iu
1300 1827 1385 1874 multia

300 1893 464 1952 distinguitur
484 1899 542 1952 port
563 1891 645 1939 Germ.
707 1893 785 1942 abent
802 1895 939 1956 pretoriani
958 1891 1146 1940 Gemnunieianir
1166 1889 1251 1936 Perit.
1271 1888 1385 1938 llnrlem.

300 1955 528 2022 Cop.Edd.Ram.
542 1955 689 2007 Vendunt.
707 1957 768 2007 Bar.
782 1965 810 2008 et
825 1958 900 2007 vett.
916 1956 983 2009 aliu,
997 1955 1149 2019 proemmanie
1166 1953 1304 2003 Germanici
1323 1953 1384 2004 Cud.

788 2129 893 2181 NOTAE

300 2247 482 2304 aeerrpnrerat.
516 2242 584 2292 lime
596 2242 674 2292 verbe
689 2243 825 2293 tribuendo
862 2243 947 2292 beriur
958 2243 1132 2306 occidimur:
1142 2256 1200 2306 erp.
1212 2245 1253 2291 22.
1270 2239 1386 2302 Pompeii

300 2316 422 2367 ridentur
433 2319 517 2380 aliani,
529 2317 572 2384 qui
586 2318 612 2367 ld
630 2319 713 2382 iprum
725 2333 775 2368 nun
787 2327 824 2368 at·
862 2332 999 2382 pronepos.
1019 2319 1087 2368 ilina
1105 2317 1181 2366 animi
1196 2317 1266 2366 alati.
1283 2317 1323 2365 De
1336 2328 1386 2378 qna

301 2392 431 2444 tenderet.
861 2394 966 2445 Tacito:
997 2409 1028 2444 ιι.
1057 2393 1204 2455 Annalium,
1231 2399 1259 2441 et
1288 2392 1385 2440 Seuera

333 2475 350 2501 ¹¹
366 2468 458 2531 Lupum
467 2485 493 2518 ee
507 2469 672 2534 reddunda]
688 2471 824 2521 Proverbi·
861 2468 946 2532 Epist.
956 2474 995 2519 70.
1007 2471 1089 2533 plura.

301 2557 343 2590 nm
354 2543 388 2590 nb
399 2543 514 2592 animalia
524 2545 601 2608 huju:
616 2553 708 2594 nature
719 2552 746 2594 et
757 2545 825 2594 iero·
893 2551 905 2577 ⁰
922 2543 1108 2606 Gennuniaiani]
1129 2539 1235 2604 vulgati
1253 2538 1385 2602 legebant,

301 2617 360 2678 ria:
383 2631 440 2666 anm
452 2619 519 2666 euiru
531 2622 617 2682 eapite
630 2622 765 2682 plurimam
784 2636 825 2669 vn·
862 2622 1051 2672 Germaniciani:
1061 2619 1213 2671 Praiamani·
1231 2619 1385 2668 linimen·

300 2693 364 2755 lent,
376 2691 459 2755 ueqde
474 2706 548 2741 aurea
565 2693 620 2756 ejua
631 2694 669 2743 itu
680 2696 761 2757 lungae
772 2696 825 2744 rint
861 2705 914 2746 etat
924 2699 990 2746 euim
1002 2698 1127 2762 potiorem
1137 2697 1224 2745 horum
1236 2694 1315 2743 fulmo
1326 2707 1386 2742 cuu-

302 2767 372 2816 utiir
390 2765 467 2815 facile
484 2768 589 2817 retineri
606 2769 697 2832 paruit,
712 2771 824 2834 undique
861 2771 1000 2834 ditionem:
1026 2773 1122 2835 majore
1139 2768 1384 2837 qnippeatipendin‚

301 2841 441 2904 pericnlum
461 2841 577 2892 imminet
597 2845 643 2894 lma
661 2845 731 2894 illam
751 2855 825 2910 parte
861 2854 890 2897 et
910 2849 1034 2898 mutarier
1054 2849 1140 2897 miralo
1161 2845 1334 2909 competebat,
1355 2851 1385 2892 nt

302 2915 523 2979 apprehendenti:
548 2926 644 2969 tautum
663 2922 768 2972 enimin
788 2923 825 2972 di·
862 2921 929 2972 infra
946 2925 971 2971 in
990 2924 1076 2974 Galba
1094 2938 1152 2987 cup.
1171 2927 1211 2972 ιθ.
1229 2929 1256 2969 et
1272 2920 1322 2969 Dia
1338 2918 1385 2968 lib.

300 2991 428 3042 mittenda
441 2994 591 3058 perieulum,
607 3005 702 3061 quantu
720 2998 745 3047 iu
763 2999 825 3049 reti·
861 3013 917 3049 arv.
928 3001 1212 3050 Carnabonarreterem
1220 2995 1384 3059 Rabsteplr.

301 3067 541 3120 ueudadifficultar.
558 3072 694 3146 Terentina
705 3074 732 3123 in
744 3075 824 3124 Plror-
862 3083 965 3125 reantur
987 3075 1135 3130 editionem,
1158 3075 1195 3122 rie
1216 3070 1386 3135 interpuugit,

301 3145 463 3194 minuerint.
483 3159 525 3196 ιιι.
538 3147 613 3198 Seeu.
631 3153 657 3198 Ξ.
673 3161 711 3198 ιι.
731 3152 771 3197 21.
791 3150 825 3200 de
861 3157 889 3200 ni
913 3156 1063 3214 trementer
1087 3150 1202 3214 anenata
1225 3147 1386 3211 mamonis.

301 3219 466 3270 adoleueeuta
495 3223 520 3269 in
542 3225 673 3286 uagrratiaa
702 3223 823 3275 redacto:
863 3225 1040 3276 Germaniciani
1057 3227 1149 3290 quidem
1160 3225 1232 3274 etiun
1248 3224 1385 3286 Principem

301 3295 395 3344 ‘immo
406 3296 473 3358 quud
484 3297 565 3359 aiunt,
576 3297 688 3348 Auribus
700 3305 775 3349 tenea
786 3301 823 3350 lu·
859 3302 1029 3352 mnecraamt.
1047 3304 1082 3352 Ut
1089 3301 1124 3350 ait
1132 3315 1232 3363 rentur,
1241 3301 1385 3349 exercitum

301 3385 378 3434 pum:
403 3372 469 3420 Nam
484 3387 567 3438 nequa
582 3388 632 3438 qua
644 3375 744 3425 mittam
757 3391 771 3426 ι
783 3392 824 3427 rue
860 3374 1239 3442 utrumquapetiimertipendii
1248 3387 1305 3424 cam
1318 3387 1384 3437 urar·

301 3445 413 3510 invenio,
422 3455 542 3511 aequent
550 3449 672 3500 retineam
683 3451 754 3502 acio!
771 3452 824 3503 Ubi
862 3447 1382 3516 turinniaaqualitatem,acGermnnianm

301 3521 423 3570 Graecum
437 3521 823 3591 proverbinmexprerritpropa
859 3521 1385 3590 inruperaxerclmmderrecnrret'ibertt

301 3594 466 3645 adverbum:
483 3600 530 3646 τῦι
551 3601 616 3646 ὅταν
630 3597 822 3660 lxnrbnndrran·
859 3599 1001 3663 imperium.
1034 3601 1110 3652 Quod
1138 3606 1165 3649 et
1193 3599 1309 3648 restituit
1336 3599 1384 3647 lroe

300 3669 488 3733 adr'lxenmbr’
504 3670 594 3733 ἀφεῖναι
605 3673 710 3737 tauma,
720 3676 824 3726 Anniba:
860 3676 935 3726 modo
948 3677 1106 3736 Torrentiua,
1123 3683 1151 3726 et
1169 3673 1274 3724 veritati
1291 3687 1384 3724 eonve-

301 3753 367 3798 tenea
378 3749 464 3810 inperat,
475 3763 517 3797 nee
530 3751 632 3800 retinere
642 3765 683 3802 nee
693 3751 823 3816 relinquere
859 3753 908 3815 nit,
920 3759 948 3802 ut
965 3759 1038 3816 putet
1049 3767 1082 3801 en
1094 3766 1150 3815 cap.
1164 3757 1185 3800 1.
1206 3749 1263 3799 ΙίΙιιὶ
1275 3763 1384 3813 requen-

299 3838 398 3886 paerum.
860 3826 902 3883 tir,
915 3834 943 3875 et
958 3839 990 3875 ex
1005 3827 1096 3877 Tacito
1116 3839 1149 3876 ιι.
1169 3825 1261 3876 nouat.
1280 3824 1323 3873 nbi
1340 3837 1384 3873 no·

332 3907 344 3932 ¹²
361 3899 498 3948 Scribonius
506 3899 578 3965 Lilia]
591 3899 675 3965 liujur
685 3900 823 3952 amiterni:
859 3901 939 3951 tanda
950 3916 1039 3952 vaurum
1051 3901 1198 3951 Germanici
1211 3909 1237 3949 et
1249 3899 1384 3948 Germani·

299 3972 758 4040 Scriboniarlngnrticoujrrx,.lulia:
770 3992 823 4028 run·
859 3975 926 4026 clani
946 3975 1106 4026 differentia:
1135 3975 1177 4039 qui
1198 3975 1222 4022 iu
1242 3971 1384 4023 Germania

300 4051 349 4108 ter,
360 4055 387 4097 ut
399 4055 473 4110 patet
482 4063 514 4098 ex
526 4063 582 4114 erp.
593 4055 634 4100 62.
646 4058 673 4100 et
684 4055 724 4102 ut.
736 4051 762 4101 iu
773 4053 823 4102 Aa·
859 4059 933 4102 erant
949 4053 1080 4102 exercitur
1097 4049 1217 4110 Romani,
1234 4049 1251 4097 ii
1268 4047 1386 4098 diceban·
1469 4078 1473 4086 ·

301 4125 529 4186 strimoniarum
549 4127 603 4176 caii
622 4135 649 4177 et
666 4128 738 4178 Lueii
757 4129 823 4190 nain,
859 4136 901 4176 tar
911 4129 1042 4178 exereitus
1052 4125 1210 4184 Germanici,
1222 4138 1309 4173 eornm
1322 4136 1384 4172 vera

301 4199 521 4264 ntetAgrippae:
540 4201 767 4268 Parthumi,queru
778 4204 822 4252 Ti·
859 4205 1019 4256 exercituum
1054 4203 1147 4253 militer
1183 4199 1383 4252 Germaniciani.
