3216 4918
667 437 857 489 erasurus.
977 417 978 422 ’
1242 430 1307 496 475

220 595 355 660 regnum
376 579 409 642 in
432 577 568 642 sormam
590 579 773 659 provinciae
786 579 921 662 redegit.
965 579 1050 663 [88]
1073 580 1214 648 Biennio
1229 601 1307 648 cou-

219 681 312 744 tinuo
335 687 413 762 post
433 679 588 761 adeptum
610 680 796 762 imperium,
819 680 935 762 pedem
957 689 1054 764 porte
1078 703 1143 747 non
1170 685 1308 752 extulit:

221 783 370 864 sequenti
387 825 390 832 «
405 787 560 862 tempore,
589 787 815 864 preterquam
839 782 875 844 in
900 784 1089 866 propinqua
1116 786 1250 868 oppido,
1277 792 1310 851 et

220 901 297 946 cum
310 882 510 963 longissime,
525 879 651 945 Antiot
665 886 770 958 tenus,
786 901 949 966 nusquam
960 889 974 918 ²
996 882 1100 947 aluit:
1122 885 1223 968 idque
1237 907 1310 970 per-

219 1001 293 1047 raro
323 988 357 1046 et
386 1001 513 1064 paucos
542 981 624 1059 dies,
661 981 814 1064 quemvis
848 985 1041 1066 provincias
1077 995 1237 1068 quoque³
1276 995 1311 1053 et

221 1081 388 1145 exercitus
423 1083 606 1144 reuisurum
639 1099 676 1144 se
712 1100 804 1164 saepe
843 1085 1103 1165 pronuntiasset,
1138 1092 1172 1150 et
1206 1107 1310 1173 prope

222 1183 401 1266 quotannis
437 1183 676 1265 protectionem
711 1192 925 1266 praepararet,
962 1185 1123 1251 vehiculis
1159 1205 1311 1272 compre-

220 1282 344 1360 hensis,
360 1283 602 1346 commeatibus
624 1301 682 1364 per
704 1283 885 1367 municipia
907 1290 940 1349 et
961 1286 1112 1351 coloniae
1127 1287 1311 1371 dispositis,

221 1383 264 1448 ad
279 1391 463 1448 extremum
478 1390 558 1447 vota
571 1402 633 1465 pro
648 1384 697 1448 itu
713 1390 746 1446 et
759 1383 864 1447 reditu
880 1405 941 1450 suo
957 1387 1112 1470 suscipi*
1130 1407 1260 1469 pessus,
1276 1395 1312 1454 ut

220 1484 322 1566 vulgo
354 1484 426 1566 jam
456 1504 516 1566 per
547 1487 662 1566 jocum
693 1483 966 1566 ‘Callippides'¹¹
995 1493 1187 1553 vocaretur:
1211 1509 1311 1572 quem

221 1587 389 1661 cursitare,
404 1604 445 1649 ac
458 1604 500 1648 ue
516 1586 620 1650 cubiti
635 1586 768 1668 quidem
783 1593 990 1650 mensuram5
1005 1589 1167 1670 progredi,
1180 1608 1312 1670 prover·

221 1686 278 1750 bio
293 1685 414 1750 Graeco
430 1691 580 1750 notatum
603 1692 667 1750 est.
711 1683 795 1767 [39.]
816 1685 885 1749 Sed
907 1688 1043 1752 orbetns
1066 1696 1205 1772 utroque
1228 1689 1312 1768 filio,

222 1803 361 1870 quornm
388 1786 633 1852 Germanicusv
661 1787 695 1851 in
723 1786 833 1868 Syria,
865 1788 995 1852 Drusus
1027 1789 1145 1854 Romae
1174 1788 1312 1869 obierat,

221 1905 390 1952 secessum
412 1887 607 1971 campaniae
629 1887 782 1970 petiit,⁶†
798 1889 966 1954 constanti
981 1897 1015 1954 et
1028 1892 1183 1973 opinione
1198 1899 1233 1956 et
1246 1911 1312 1976 ser-

223 2215 352 2268 Medicffl.
364 2232 379 2265 e
390 2232 424 2267 m.
436 2231 476 2280 pr.
488 2217 613 2267 Voss-2
627 2218 753 2281 Nunquam
764 2225 816 2269 tres
827 2217 911 2268 Codd.
922 2219 996 2268 Torr.
1007 2231 1064 2267 cnm
1074 2231 1155 2282 marg.
1168 2220 1229 2268 Bar.
1240 2223 1267 2268 et
1279 2220 1314 2269 el·

223 2295 320 2344 aequom
331 2281 398 2331 Edd.
411 2283 484 2330 Rom.
516 2282 547 2331 lu
568 2283 654 2331 multi·
673 2284 751 2331 etiam
769 2282 857 2342 adsuit.
880 2282 946 2330 Delu
962 2297 1005 2344 per
1020 2297 1088 2330 rerer
1108 2284 1191 2333 Perie-
1202 2283 1279 2333 Viud.
1292 2287 1315 2335 l.

224 2345 298 2394 Cort.
309 2345 376 2394 Edd.
387 2347 461 2395 Rom.
470 2346 542 2395 Med.
553 2346 627 2396 Cald.
636 2347 702 2395 Veu.
712 2346 793 2410 Lugd.
804 2348 870 2397 Bon.
881 2345 956 2395 lunt.
967 2346 1031 2408 Arg·
1040 2345 1100 2394 Ald.
1123 2347 1157 2395 At
1168 2349 1195 2396 iu
1203 2346 1314 2397 vinda.

223 2423 279 2457 rura
289 2415 312 2456 et
321 2424 396 2472 perp.
408 2412 479 2459 d.-8
496 2410 578 2459 Deest
587 2424 673 2473 quoquc
684 2411 743 2475 Cuj.
760 2412 804 2474 qul
821 2419 849 2461 et
863 2410 959 2472 euplus,
969 2409 1049 2458 vind.
1061 2416 1169 2472 uterque
1180 2425 1204 2460 ee
1214 2425 1239 2460 ee
1247 2425 1316 2474 pras.

223 2477 273 2523 -4
290 2472 375 2536 Recepi
385 2474 463 2522 Viud.
473 2479 496 2523 1.
519 2475 603 2535 Vulgo
617 2483 703 2523 eutero
721 2475 798 2537 plene
815 2474 947 2523 distinctio
958 2473 1063 2536 ponitur
1074 2481 1134 2521 anre
1144 2476 1175 2522 ud
1185 2479 1248 2525 extr.
1259 2489 1316 2524 cor·

224 2537 326 2599 rigente
345 2537 414 2588 Oud.
446 2539 511 2588 'l'um
533 2537 661 2601 Gellipidlr
678 2539 775 2588 Medic.
788 2541 811 2587 1.
823 2542 848 2588 8.
865 2537 940 2586 Huls.
958 2538 1023 2600 Cep.
1048 2537 1179 2600 Gnllr'pedr'e
1196 2538 1275 2588 vind.
1291 2543 1315 2588 l.

224 2599 304 2649 Petit.
337 2601 474 2653 luceterle
486 2610 515 2650 et
531 2601 599 2652 Edd.
616 2603 687 2652 Vett.
699 2603 843 2664 Gctlipedes.
866 2601 957 2650 Pitiec.
968 2601 1048 2651 habet
1059 2614 1115 2650 eum
1130 2602 1238 2666 Bauurg.
1259 2603 1315 2652 Cal·

224 2663 282 2726 lipp.
295 2671 322 2712 ut
334 2666 441 2714 Grecis.
464 2665 516 2715 Alii
533 2665 649 2730 plerique
669 2667 829 2727 caepa—e
848 2665 973 2728 cubitique
991 2679 1098 2714 mesre
1116 2663 1231 2715 Heriem.
1247 2667 1314 2717 Edd.

225 2727 291 2776 Veu.
304 2737 336 2777 tr.
349 2729 421 2778 Cald.
432 2729 504 2779 Med.
515 2743 595 2793 marg.
606 2731 739 2780 Perta—6
756 2729 825 2780 Oud.
836 2729 917 2778 edidit
928 2730 989 2792 petit
1000 2729 1127 2779 auctorit).
1138 2729 1237 2779 Medic.
1249 2730 1315 2793 Cep.

224 2789 301 2842 Hulr.
312 2793 390 2842 vind.
402 2801 430 2843 et
440 2793 506 2845 Edd.
516 2794 589 2844 vett.
619 2795 686 2844 Dein
695 2808 796 2858 mrqoom
805 2794 934 2844 omittitur
945 2795 971 2844 lu
982 2794 1061 2844 Fouc.
1086 2794 1152 2844 Post
1163 2795 1236 2844 etium
1245 2800 1315 2845 mort.

712 2955 820 3006 NO'l'AE

258 3053 455 3116 mapparum]
483 3049 649 3117 Ceppedouie
679 3051 749 3101 Aule
791 3051 822 3100 iis
834 3051 909 3114 longe
922 3049 1224 3114 prestet,quoeefferuut
1234 3049 1317 3102 allide

226 3127 297 3191 regio
309 3129 401 3190 ampla,
411 3130 459 3177 &o
719 3126 725 3136 '
793 3126 924 3188 (iuliade,
933 3126 980 3174 hoc
992 3132 1041 3185 est,
1050 3124 1119 3172 (leiti
1131 3124 1266 3188 gallinacei
1278 3125 1318 3174 iu·
1380 3177 1382 3186 ,

260 3199 751 3267 ‘raso1Deqao‚qaentumabUrbe
791 3208 845 3249 nter
866 3207 1004 3258 curreute;
1028 3199 1072 3247 elii
1092 3198 1126 3248 de
1156 3200 1319 3262 colligentibus

227 3278 346 3342 distaret,
354 3277 537 3340 supradictum
548 3283 589 3327 est
597 3278 624 3327 iu
635 3275 752 3340 Augusto
792 3277 875 3327 Indiae
892 3275 1003 3340 populis,
1020 3288 1084 3339 quor
1100 3273 1133 3324 ob
1151 3275 1250 3325 tardum
1267 3274 1319 3325 l'or·

227 3358 299 3405 cofl.
792 3361 860 3404 tasse
878 3353 1006 3402 incessum
1025 3351 1061 3400 ric
1080 3351 1225 3414 appellatos
1243 3359 1318 3403 entu-

259 3426 594 3494 rcauippideqcautptoes]
610 3426 754 3478 Beroaldus
791 3435 871 3480 munt.
911 3428 982 3480 Quid
1003 3428 1071 3476 enim
1093 3427 1161 3486 roci,
1182 3443 1240 3490 quae
1262 3434 1319 3478 tote

228 3504 692 3569 erPluterclroiuApophtlregmetir
706 3505 753 3552 lae·
794 3502 1196 3566 Groemest,cnmnniatinis?
1231 3503 1322 3568 quue

228 3583 324 3633 conicio
337 3590 420 3638 noter,
431 3579 545 3644 Agesilai
555 3580 645 3644 Magni
657 3588 754 3642 tempo-
793 3582 884 3647 magis,
904 3579 972 3646 quod
990 3593 1031 3629 res
1049 3579 1118 3643 apud
1136 3579 1319 3644 Latinosque·

228 3659 298 3709 ribus
319 3659 475 3722 appellatum
497 3657 535 3707 sic
553 3655 632 3706 feriae
651 3656 754 3706 mimum
795 3658 884 3722 quein
902 3655 1065 3720 proverbium
1081 3653 1113 3702 ed
1130 3655 1252 3704 Graecum
1265 3654 1319 3706 abi·

230 3731 753 3799 quendem‚qui‚proutfabulaeargomen-
793 3735 864 3785 erite
891 3733 982 3783 cicero
1004 3731 1073 3780 euim
1093 3729 1127 3779 ed
1148 3727 1263 3779 Atticum
1285 3729 1320 3778 de

229 3816 283 3860 tum
294 3808 425 3872 exigebat,
435 3807 511 3858 modo
521 3807 690 3870 discurreret,
702 3821 754 3857 uro·
793 3810 911 3860 Varrone
940 3806 1053 3857 scribtor
1082 3805 1127 3854 lib.
1149 3817 1213 3854 xrrr.
1237 3804 1321 3866 Epist.

229 3885 264 3935 do
275 3885 394 3948 resiliret,
408 3899 456 3934 uec
466 3897 609 3950 quenquam
620 3883 754 3935 celerrime
795 3883 949 3934 ‘Biennium
968 3881 1103 3945 preteriit,
1120 3894 1177 3928 cnm
1195 3879 1238 3928 ille
1254 3885 1319 3928 itua-

230 3968 385 4024 moveretnr,
396 3961 464 4010 ultre
475 3959 557 4010 cubiti
567 3959 754 4023 longitudinem
794 3959 904 4016 λιπίδης
920 3959 1023 4006 residuo
1040 3969 1117 4006 ereren
1134 3955 1248 4004 cubitum
1264 3957 1320 4005 uul-

229 4035 392 4101 procederet.
430 4037 515 4101 Hujus
539 4035 715 4099 appellatione
736 4037 755 4085 li
794 4030 1029 4097 lumprcceseerit.'

230 4113 293 4162 dicti
313 4118 372 4161 runt
391 4117 491 4176 postea,
505 4111 548 4175 qui
565 4111 648 4160 multe
666 4109 755 4172 incipi·
826 4117 839 4144 v
854 4105 1020 4168 Germanicus]
1035 4105 1228 4169 Adoptirne,nt
1244 4118 1322 4171 repre

231 4201 306 4241 entes
328 4196 373 4239 eut
396 4189 555 4250 simuleuter,
582 4187 642 4238 uilril
668 4192 756 4236 temen
795 4199 852 4249 cup.
876 4181 1092 4246 rameseja·
1115 4180 1187 4236 obitu
1209 4179 1278 4246 iufra
1295 4181 1321 4228 iu

232 4262 426 4330 promovebant·
457 4262 757 4328 oueexptrcaudirauo
797 4259 922 4325 Caligula.
966 4257 1066 4309 Drusus
1088 4263 1174 4308 auteur
1197 4253 1320 4307 naturalis
