3208 4918
675 439 874 488 oornvrus.
1254 423 1320 489 369

225 579 279 646 vel
291 579 440 646 lodicula
454 579 632 646 insolutus.
677 580 791 646 Animi
810 579 952 646 laxandi
964 599 1070 645 nausa
1091 579 1194 646 modo
1208 571 1320 663 pisca·

223 683 324 748 batur
337 682 448 760 burno,
469 681 567 746 modo
583 683 684 747 talie¹²
698 687 755 746 aut
778 681 974 746 ocellatie¹⁰
996 682 1201 765 nucibusque
1225 681 1320 746 lude·

224 783 283 849 bat
298 803 373 848 oum
385 785 497 866 pueris
513 784 677 863 minutisl’
690 805 778 868 quos
798 785 911 850 feuie²
934 790 969 849 et
984 785 1177 866 garrulitate
1192 783 1320 850 amabi·

222 1146 267 1190 -l
288 1141 364 1192 lianc
379 1144 441 1192 lert.
459 1157 474 1193 e
491 1143 565 1195 codd.
579 1143 769 1206 comprobatam
787 1145 968 1207 complectitur
983 1143 1094 1194 Turneb.
1106 1143 1175 1193 Ads.
1186 1155 1231 1193 ιιι.
1241 1157 1265 1190 o.
1278 1146 1318 1194 18.

222 1206 424 1269 astipulantibus
443 1209 517 1258 Torr.
529 1209 639 1258 Casaub.
652 1209 729 1258 Grut.
747 1209 835 1259 Burm.
848 1209 918 1259 Ond.
936 1216 963 1258 et
980 1211 1046 1257 aliis.
1067 1209 1191 1258 Brodoeus
1203 1209 1229 1256 lu
1241 1207 1318 1260 stne.

223 1271 287 1320 l.rv.
309 1276 366 1321 uti.
388 1273 474 1321 minu
492 1273 532 1322 sal
555 1274 660 1322 srurelis
677 1273 814 1336 legendum
838 1273 960 1323 malebat.
985 1273 1044 1322 Urs.
1073 1277 1114 1322 ost
1133 1272 1238 1322 redistis
1253 1269 1319 1320 suri·

222 1334 264 1382 bus
274 1336 322 1384 lad.
339 1336 461 1384 lleroald.
472 1352 485 1383 e
498 1337 556 1387 eod.
569 1345 621 1386 set.
634 1337 743 1400 protulit
752 1339 880 1386 eutellatis
891 1337 989 1386 surdas
1000 1336 1117 1386 ludebant.
1134 1337 1165 1384 lrr
1178 1335 1245 1386 Edd.
1256 1335 1317 1388 Bae.

223 1397 310 1448 Plant.
323 1399 423 1464 Grypb.
436 1400 519 1450 Collo.
536 1400 657 1449 oseilutis.
670 1401 735 1450 Bon.
747 1402 814 1449 Veu.
825 1405 850 1450 2.
866 1405 890 1450 b.
904 1402 1009 1450 lrledlol.
1022 1406 1045 1451 l.
1063 1400 1137 1451 Cald.
1149 1399 1233 1464 Lngd.
1243 1399 1319 1449 Junt.

223 1460 287 1526 Arg.
300 1462 360 1512 um.
371 1465 475 1513 mllntls
485 1465 583 1514 auribus
593 1467 641 1516 lud.
653 1465 718 1514 Mes.
728 1464 830 1530 quidum
847 1468 904 1515 orel.
924 1465 964 1514 sel
975 1467 1037 1514 orill.
1049 1466 1089 1512 sel
1103 1467 1179 1514 norell
1198 1478 1256 1513 eum
1268 1463 1318 1515 lid.

221 1525 297 1579 Rom.
306 1533 408 1578 seu-2
425 1529 518 1578 Faciles
533 1531 611 1579 vind.
627 1534 649 1578 l.
670 1529 735 1593 Cup.
761 1528 836 1589 sorite
853 1529 1000 1592 Huiucuj.
1026 1528 1318 1592 fusilitatemarqfflas.

717 1741 827 1791 NOTAE

221 1847 337 1900 Fuerunt
352 1857 438 1900 autern
457 1859 581 1916 segestre,
598 1859 644 1902 seu
663 1867 748 1916 reges·
788 1867 891 1916 nempe.
925 1853 992 1903 Sunt
1004 1857 1088 1901 antem
1100 1850 1190 1900 oscilla
1204 1850 1318 1912 imagun-

220 1925 308 1987 trlutn,
319 1933 347 1974 et
365 1926 451 1987 lodex,
462 1928 517 1977 slve
535 1927 655 1991 lodicula,
666 1928 748 1976 leoto-
788 1930 853 1978 culte
866 1927 984 1993 quaedam
995 1927 1098 1989 fictiles,
1107 1941 1169 1991 quas
1181 1939 1229 1989 pro
1239 1941 1278 1987 se,
1289 1933 1317 1975 et

220 2015 274 2050 rum
297 2004 484 2066 supellectilia:
509 2005 632 2068 sagenula
653 2019 746 2068 paupe·
788 2019 836 2068 pro
847 2005 908 2065 suls,
916 2003 1038 2065 Saturno,
1046 2003 1086 2051 sel
1095 2002 1189 2050 Libero
1200 2001 1267 2065 patri
1276 2015 1317 2050 sa-

220 2089 276 2124 rum
295 2084 323 2126 ut
343 2078 488 2141 plurimum,
509 2087 536 2128 et
563 2080 589 2128 lu
615 2079 747 2137 exercitat
788 2077 952 2140 orificsbant,
969 2085 998 2127 ut
1014 2079 1049 2126 ait
1069 2077 1218 2126 Macrobius
1237 2074 1317 2126 1ἰΙι.ι.

218 2152 317 2202 lodices
336 2155 489 2216 beatiorum,
508 2163 536 2204 et
551 2157 578 2205 iu
598 2154 697 2204 balneis
716 2169 747 2206 ae
790 2171 813 2204 r.
827 2159 865 2204 ll.
887 2153 955 2204 nude
977 2153 1176 2206 Saturnaliorum
1199 2157 1317 2212 tempere

219 2229 375 2292 umuasiieq
392 2244 451 2280 enus
467 2233 534 2281 enirn
547 2233 572 2280 lu
588 2231 627 2281 tris
639 2232 701 2280 nudi
711 2229 749 2280 io·
788 2229 991 2280 missitabantur.
1027 2230 1067 2278 De
1079 2227 1117 2276 iris
1127 2227 1201 2290 plura
1211 2225 1317 2276 servias

219 2312 288 2368 saut,
297 2305 318 2353 si
330 2306 480 2356 infirmitate
491 2309 640 2358 laborarent
655 2309 750 2371 aliqua,
789 2307 821 2356 ad
833 2308 900 2355 lusno
913 2319 944 2356 rr.
959 2305 1054 2354 lllneid.
1066 2317 1178 2364 versum,
1196 2304 1205 2331 ‘
1217 2303 1318 2353 Orollla

220 2379 313 2442 pallam
334 2383 374 2430 sel
392 2382 539 2444 lodiculam,
561 2397 637 2443 quarn
657 2391 749 2446 postea
789 2397 822 2431 ex
833 2383 888 2431 alta
897 2379 1058 2443 suspendunt
1069 2379 1153 2428 mollia
1162 2377 1242 2441 pluu'
1276 2380 1317 2428 De

220 2454 375 2506 ‘saburram'
392 2457 490 2515 dixere,
510 2459 654 2524 sumebant,
676 2473 750 2508 serus
789 2458 884 2523 qulbus
895 2465 923 2508 at
934 2454 1002 2506 inira
1013 2455 1114 2506 clandii
1125 2469 1148 2502 e.
1159 2459 1184 2502 t.
1194 2455 1244 2501 tro.
1270 2453 1318 2503 Ait

218 2531 273 2580 solo
280 2533 420 2596 campestri
433 2534 554 2596 pudenda
565 2535 640 2598 teeti,
651 2542 681 2584 ut
691 2549 748 2598 rap.
790 2532 931 2584 beroaldus
942 2533 968 2580 iu
980 2531 1154 2580 vetustissimo
1165 2530 1256 2580 rodite
1265 2530 1318 2578 lac·

220 2607 355 2668 superiori.
372 2609 485 2658 lnrllius
495 2609 529 2658 da
540 2611 664 2673 regestris
676 2608 684 2636 ⁶
695 2610 748 2659 Pe·
787 2615 842 2660 tuus
852 2609 903 2659 sibi
919 2609 1049 2658 “neuun
1064 2607 1171 2670 mter,
1182 2604 1250 2670 qnod
1261 2605 1317 2654 ludi

220 2682 289 2746 nula,
302 2684 323 2732 ri
337 2687 440 2749 queris,
449 2685 587 2749 eanterlu',
600 2684 695 2743 sersn',
707 2699 748 2735 ee·
786 2699 867 2749 genua
877 2694 906 2735 et
916 2684 1115 2734 vetustissimum
1132 2691 1188 2732 est:
1208 2681 1318 2733 Ovidius

220 2767 308 2821 gestre
334 2761 428 2810 Utilius
451 2763 512 2812 mibi
532 2777 606 2827 quum
626 2763 748 2825 rapiens!
786 2761 855 2811 eninr
873 2761 909 2810 alt
926 2759 970 2810 ubi
988 2760 1021 2808 de
1040 2773 1114 2820 nure,
1135 2757 1274 2808 ‘Quatnor
1290 2756 1317 2806 iu

218 2834 302 2885 Varro
312 2835 358 2887 lib.
370 2849 409 2886 rr.
416 2837 450 2887 de
461 2837 563 2900 Lingua
572 2837 673 2887 Latina.
786 2838 964 2901 uuoibrrs,uuu
980 2836 1099 2898 amplius.
1117 2835 1176 2886 alea
1194 2841 1251 2883 tota
1268 2838 1317 2895 est,

250 2918 262 2944 ¹
280 2912 356 2978 istis]
380 2913 456 2964 Telos
474 2915 586 2978 pueriles
599 2913 746 2962 verosimili·
787 2916 851 2965 curn
867 2913 917 2964 sllsi
933 2913 1071 2977 suppositis
1089 2911 1192 2961 additur
1209 2924 1258 2960 uua
1271 2909 1317 2958 tri-

219 2987 411 3051 terintelligitr
429 2989 560 3038 slioeuiru
572 2987 746 3048 moduseues,
786 2989 854 3040 lrns.¹
885 2988 962 3042 Quod
981 2997 1054 3038 eeste
1071 2985 1318 3041 multumabest‚ut

219 3061 269 3110 aliu
281 3063 355 3124 pueri
366 3064 423 3112 talis
433 3062 584 3124 landebsut,
595 3069 625 3112 ut
636 3063 746 3112 arbitra·
786 3067 952 3117 obsoleverit.

221 3144 265 3186 tur
283 3138 404 3188 Erasmus
423 3139 448 3188 iu
460 3139 656 3204 Astraqalisuro,
673 3146 701 3190 at
712 3153 745 3189 ert
817 3149 831 3183 r
849 3138 964 3202 Minatis]
987 3139 1019 3188 ld
1032 3151 1134 3201 quoque
1150 3135 1227 3185 moris
1245 3135 1314 3197 apud

221 3226 246 3262 r.
255 3216 296 3262 71.
306 3227 384 3277 snpra
394 3215 509 3278 colligas.
786 3217 904 3280 antiquos
915 3214 1132 3276 intumuimus
1145 3224 1316 3275 proretasque

223 3331 227 3338 .
252 3297 264 3323 ⁰
282 3290 407 3355 Oredstls]
441 3291 525 3340 liano·
538 3289 687 3351 lectionem,
705 3294 746 3337 ut·
785 3307 881 3356 pueros
892 3289 1007 3340 studiose
1017 3288 1208 3352 conquirerent,
1217 3301 1279 3351 qnos
1288 3295 1317 3338 et

217 3373 283 3431 pote
292 3367 409 3418 norlleuur
422 3369 589 3431 optimorum,
599 3373 686 3414 serrat
697 3366 746 3414 Ca·
787 3363 1315 3429 deliriasappellsbant3nunquidanritlas

218 3442 355 3494 saabouus.
387 3445 453 3493 smu
465 3453 552 3493 sutem
569 3443 680 3493 noellsta
692 3443 744 3504 glo·
787 3443 919 3498 nefandas,
927 3441 962 3492 da
972 3441 1065 3506 quibus
1073 3440 1176 3501 Graeci3
1186 3453 1236 3489 neo
1247 3441 1316 3490 enirn

217 3519 271 3569 buli
289 3519 394 3584 quidem
407 3520 447 3569 sel
459 3519 575 3580 eburnei,
586 3519 628 3568 sel
640 3517 745 3581 lapidei,
785 3519 911 3569 delicatus
922 3525 1026 3582 pueros
1046 3515 1147 3566 delinit
1166 3514 1234 3564 idam
1250 3529 1316 3564 sens·

219 3595 310 3658 quibus
326 3596 420 3658 puella
441 3595 571 3645 ludebant.
596 3594 706 3645 Oridlus
718 3607 746 3643 x·
786 3611 834 3659 per
849 3601 951 3644 ronam.
983 3593 1082 3642 Statius
1098 3591 1226 3654 Epitedio
1243 3591 1267 3640 iu
1287 3591 1317 3647 li·

217 3675 325 3723 Metam.
336 3679 362 3723 9.
390 3675 488 3724 ‘Modo
499 3682 572 3736 grata
583 3673 676 3738 puellis
686 3672 745 3721 Mu·
784 3672 857 3726 llum,
877 3679 884 3702 ⁸
897 3671 956 3720 Non
968 3683 1017 3731 ego
1035 3677 1165 3717 mereatur
1176 3667 1272 3716 Pharia
1283 3667 1316 3715 de

217 3762 281 3798 nera
295 3748 348 3798 sert
360 3750 397 3800 illl
412 3750 535 3813 uouebat,
550 3757 697 3812 teretesque
709 3749 745 3796 la·
785 3762 873 3812 poppe
885 3748 1005 3808 loquerer
1018 3743 1144 3802 Delicias,
1158 3743 1315 3804 doctumque

221 3826 316 3890 pillos!
354 3827 503 3878 linteorum
530 3841 634 3890 genere,
651 3825 696 3890 qui
718 3825 743 3873 in
785 3825 824 3872 sul
834 3814 1164 3878 coustvtauittlutameu
1175 3815 1315 3878 linguaque

216 3903 348 3954 littoribus
375 3905 541 3968 utplurimum
570 3903 744 3960 inveniuntur,
786 3899 859 3948 simul
876 3895 1022 3957 salibusque
1041 3901 1190 3956 protervum
1210 3891 1315 3956 Dilexi,‘

217 3995 332 4045 quosque
350 3997 365 4031 a
385 3981 467 4032 forma
486 3979 655 4031 ‘umbilicos'
667 3985 744 4042 atque
785 3977 833 4022 dre.
868 3968 1035 4022 Alexandrini
1054 3968 1150 4033 qnippe
1168 3982 1219 4018 noo
1231 3969 1315 4018 miuus

217 4057 321 4105 etiam*
335 4059 504 4120 nympharum
517 4055 619 4107 oeulos'
639 4054 741 4103 dixere:
786 4063 816 4098 ao
834 4047 929 4107 Mauri,
947 4047 1016 4110 Syri,
1029 4048 1079 4099 dte.
1095 4045 1191 4095 ideireo
1202 4053 1276 4094 erant
1289 4045 1314 4094 iu

216 4131 283 4181 nude
295 4133 336 4181 lrio
346 4134 456 4182 orellata
466 4135 520 4182 sise
531 4132 645 4186 ocellatl,
653 4128 745 4178 subarr-
785 4126 879 4189 pretio.
912 4125 1002 4174 Seuer.
1022 4123 1065 4173 lib·
1077 4137 1110 4174 ιι.
1126 4124 1159 4174 de
1169 4123 1316 4189 'l'rauqulli-

217 4205 310 4257 diendo
329 4209 421 4271 lapilli,
442 4223 487 4258 aen
505 4208 607 4258 calculi.
640 4205 746 4266 Vulgsti
786 4202 1000 4252 terrenitate-ll.
1034 4200 1150 4250 ‘Eadem
1170 4215 1247 4252 eausa
1264 4209 1315 4262 est,

217 4280 299 4332 Godd.
311 4277 434 4348 legebant
450 4284 582 4348 oscillatia,
601 4282 634 4332 ab
652 4281 748 4332 oscillis
786 4294 833 4330 eur
846 4292 892 4328 nos
912 4274 1097 4339 mancipium·
1115 4286 1261 4328 nostrornm
1273 4290 1314 4324 ur-
