3120 4926
625 397 773 448 ruerus.
1203 387 1248 452 tu

145 545 191 609 ob
205 541 347 608 eundem
363 538 535 606 coetnm⁶'
553 541 716 608 festinato
739 547 890 620 conclus,
911 544 1035 624 gratias
1056 543 1089 608 ci
1103 561 1165 627 per
1179 545 1249 626 pri·

144 663 258 710 mores
281 643 372 706 viros
395 643 482 726 egit:
513 644 729 726 accitumque
752 643 786 706 in
809 645 951 721 curiam,
974 652 1011 710 et
1032 645 1250 729 amplissimis

144 735 260 810 uerbis
274 743 513 822 collaudatum,
537 745 571 807 in
595 747 754 827 integrum
777 747 934 824 restituit,
956 746 1117 812 inductog
1137 747 1249 830 priore

145 845 296 910 decreto.
338 845 425 928 [ta]
450 844 615 910 Recidit⁷
638 865 752 910 rursus
778 847 814 908 in
833 845 1010 910 discrimen
1035 846 1137 924 alind,
1161 848 1250 912 inter

146 945 264 1010 socios
286 944 445 1009 Catilinas
473 946 681 1021 nominatus,
710 953 747 1009 et
766 946 867 1028 opud
898 947 1078 1012 Nouium⁸
1105 947 1250 1030 Nigrum

148 1041 381 1122 Quaestorem¹¹
390 1065 411 1110 a
421 1045 461 1110 L.
473 1043 596 1110 Vettioi
605 1045 797 1122 iudicaret
806 1048 840 1110 in
853 1048 980 1112 Senatu
994 1069 1016 1114 a
1029 1047 1074 1128 Q.
1082 1043 1251 1112 cenom*

148 1147 217 1222 cui,
233 1145 325 1228 quod
348 1146 476 1227 primns
498 1147 641 1212 consilia
660 1147 902 1230 conjuratorum
925 1149 1109 1228 detexerat,
1130 1149 1252 1214 consti-

149 1253 223 1312 tuta
237 1253 330 1311 erunt
343 1246 483 1329 publice
502 1249 654 1329 proemia.
698 1247 845 1327 Curius,¹
867 1250 1049 1316 oCatiliua
1071 1269 1109 1314 so
1131 1267 1253 1332 cogno·

150 1349 258 1425 uisse,
276 1348 426 1413 dicebat:
448 1346 586 1412 Vettius
598 1349 701 1414 etiam
715 1349 971 1433 chirographum
986 1348 1080 1434 eJus,¹
1097 1348 1254 1416 Catilium

152 1450 280 1527 datum,
294 1450 528 1532 pollicebatur.
573 1451 615 1515 Id
631 1469 712 1516 vero
732 1450 850 1517 Caesar
872 1453 965 1517 nullo
987 1453 1089 1518 modo
1110 1451 1273 1520 tolerem,

154 1550 236 1640 dum
269 1551 483 1630 existimans,
512 1573 599 1632 cum,
636 1553 816 1637 implorato
853 1553 1023 1618 Ciceronis
1050 1551 1253 1630 testimonio,

153 1839 285 1908 chlrorn.
303 1846 398 1896 mutari
416 1847 499 1898 uoluit
518 1849 543 1898 in
562 1851 829 1900 coenomanorum.
861 1847 926 1898 Mox
945 1845 1160 1909 Fencgratiaset
1170 1859 1255 1906 per.-

153 1913 168 1959 i
190 1909 277 1958 Petis.
296 1912 362 1959 Ven.
380 1925 439 1966 une,
456 1920 484 1961 et
503 1914 565 1962 Per.
584 1915 682 1964 decidit.
716 1912 758 1962 ΑΙ.
777 1912 919 1962 cecidit—8
938 1912 1028 1960 Codex
1047 1925 1111 1960 nnus
1131 1909 1256 1958 'torrent

154 1972 258 2036 Nutu,
274 1981 302 2022 et
320 1990 398 2037 snpra
409 1975 486 2026 Vind.
499 1982 523 2026 1.
540 1977 604 2026 inter
621 1979 677 2026 Cet.
688 1983 785 2027 roc-⁹
802 1975 889 2024 Pulm.
900 1975 983 2024 edidit
996 1975 1086 2034 Vettio,
1101 1987 1159 2022 curn
1178 1980 1257 2022 antea

155 2031 242 2092 ,tecta
264 2038 405 2100 legeretur.
429 2040 497 2090 Velio
517 2041 543 2092 ln
566 2043 679 2106 exempl.
698 2042 773 2090 Torr.
801 2039 885 2089 Vectio
907 2039 1003 2101 Coper.
1033 2037 1106 2086 Libri
1127 2033 1184 2084 t'ere
1202 2049 1256 2084 oru-

152 2115 200 2164 peo
217 2101 315 2150 babent
330 2103 417 2164 indice,
433 2104 503 2166 quod
521 2106 633 2168 probunt
648 2106 769 2154 Torrent.
790 2103 870 2154 (iret.
884 2103 974 2152 Bnrm.
989 2109 1017 2150 et
1033 2103 1139 2150 Ernest.
1158 2098 1257 2148 Aucto·

154 2165 237 2214 ritate
256 2180 417 2216 nummorum
437 2183 468 2217 ac
489 2168 590 2218 viterb.
608 2184 665 2219 cum
684 2171 752 2218 Ven.
773 2171 795 2218 1.
810 2167 954 2216 contrarias
977 2171 1062 2228 partes
1082 2168 1189 2213 tuentur
1207 2161 1258 2211 Ur·

153 2229 206 2286 riu.
224 2227 337 2278 Caearrb.
349 2231 438 2280 Pstin.
456 2233 544 2281 Grnv.
563 2233 634 2283 Oud.
646 2230 726 2284 Wolt'.
742 2239 770 2280 et
788 2231 870 2280 Rubn.
887 2231 930 2293 qui
941 2229 1027 2278 dudice
1042 2227 1092 2288 legi
1106 2226 1258 2277 mallent.-

155 2293 189 2340 l⁰
208 2293 276 2348 ΔΟ.
292 2295 405 2346 Curione.
421 2295 499 2346 Vind.
517 2301 543 2347 l.
561 2298 655 2360 Coper.
672 2297 716 2346 hic
728 2296 835 2346 multum
850 2295 947 2348 turbat,
963 2309 978 2342 a
997 2293 1027 2347 Q.
1041 2291 1113 2342 Curio
1123 2290 1257 2340 maurum

155 2351 222 2412 iuter
230 2359 323 2415 sorim
339 2373 404 2420 qens,
420 2362 480 2422 quod
488 2376 525 2423 pr.
533 2377 554 2412 c·
566 2377 588 2410 c.
600 2363 624 2410 d·
635 2377 656 2412 o.
669 2376 690 2408 e.
699 2376 726 2422 p.
740 2359 848 2422 marmio,
858 2374 873 2407 ιι
884 2358 958 2405 Curio
969 2356 1024 2420 qnia
1039 2371 1082 2418 per
1093 2355 1224 2406 Catilinam
1233 2368 1259 2402 se

154 2422 259 2476 ¹c.d.--l
276 2421 488 2472 carioecuttirrr
499 2426 640 2485 recognitae
662 2425 769 2474 Merum.
804 2421 1003 2472 CurioViud.l.
1029 2419 1206 2481 Curioqtridern
1215 2431 1258 2480 per

158 2480 291 2534 Catilinam
307 2485 381 2534 Med.
393 2490 416 2534 1.
428 2491 452 2536 8.
473 2498 500 2537 et
515 2489 631 2538 Heriem.
658 2488 746 2536 Curius
759 2503 800 2551 per
812 2487 952 2543 Catilinam,
969 2483 1037 2533 nude
1057 2483 1125 2544 conj.
1136 2481 1204 2532 0ud.
1223 2479 1257 2528 Et

159 2548 251 2597 varim
267 2549 362 2611 quidem
375 2565 420 2612 per
433 2552 489 2600 Cot.
524 2552 683 2603 particulam
695 2553 788 2614 quidem
799 2549 900 2599 addidit
912 2562 1013 2613 quoquc
1026 2547 1134 2596 Woltins
1145 2560 1177 2594 ex
1191 2547 1258 2594 Lon·

156 2613 211 2674 gol.
228 2613 309 2663 Bern.
321 2618 345 2663 l.
362 2620 392 2663 et
403 2615 518 2680 vestigiis
537 2617 655 2679 aliorum,
672 2616 799 2665 suadente
816 2614 892 2678 bnjrrr
910 2612 1044 2677 rcrlpteris
1061 2609 1258 2662 cousuetudine.

657 2760 765 2816 NOTAE

193 2859 203 2894 ¹
218 2863 323 2924 σειιιιιι]
339 2862 399 2912 Hoc
414 2864 539 2916 vornbule
554 2865 689 2930 peculiari·
728 2865 776 2928 nir,
788 2864 831 2930 qui
843 2871 870 2914 ct
881 2864 1006 2928 quesiter
1019 2865 1047 2912 et
1064 2863 1178 2925 qnertor
1189 2858 1260 2909 dice·

159 2947 202 2988 ter
217 2938 258 2988 usi
273 2946 334 2987 sunt
352 2945 482 3002 unctores,
501 2948 531 2991 nt
546 2941 689 2992 multitrrdi·
730 2940 815 3004 batur,
826 2939 857 2990 de
868 2953 918 3004 qno
929 2951 1006 3002 rnpnr
1019 2951 1077 3002 erp.
1090 2939 1131 2986 11.

157 3013 690 3071 nemseditioseeoiiuntenrindicerent‚nt
759 3016 767 3050 ¹
783 3017 815 3066 1..
831 3015 922 3077 Vettio]
938 3015 1042 3078 legunt
1059 3012 1101 3062 alii
1117 3011 1198 3060 Vectio
1215 3011 1262 3059 Ju-

160 3088 349 3153 introeunti.
365 3091 416 3140 ‘ne
424 3092 472 3156 qni
484 3094 543 3142 novi
554 3099 636 3142 coetrrs
650 3107 690 3142 re·
728 3090 790 3144 dice.
800 3099 830 3140 ut
840 3091 921 3140 Jrrden
937 3101 1078 3152 cognomen
1099 3086 1152 3150 ejus
1171 3083 1261 3136 t'uerit.

161 3165 290 3216 censionis
313 3179 391 3214 eausa
416 3169 513 3218 moveri
536 3168 691 3233 quaudoque
729 3166 781 3216 Sed
794 3179 853 3216 cum
865 3165 955 3226 index,
964 3164 990 3212 id
1003 3170 1053 3228 eet,
1065 3162 1176 3219 Cereris
1186 3175 1263 3212 eccur·

161 3239 287 3304 peterent.¹
309 3240 345 3288 Et
354 3237 450 3303 Livius,
460 3241 558 3294 ‘cutus
570 3244 693 3294 nocturni
729 3248 809 3296 rotor,
820 3239 900 3290 fuerit
911 3241 955 3289 ille
967 3239 1082 3298 Vettius,
1097 3236 1263 3298 iudicemque

163 3315 250 3380 plebis
262 3315 378 3377 patribus
390 3317 522 3381 inspectb'
533 3326 561 3369 et
578 3320 621 3369 ulii
635 3333 693 3380 par·
731 3315 885 3365 dicatillum
903 3315 961 3374 ipse
976 3313 1069 3361 Cicero
1085 3309 1112 3359 in
1130 3308 1212 3358 literir
1228 3308 1263 3358 sd

163 3391 231 3439 rim:
249 3402 390 3455 quenquam
399 3407 559 3457 nonsernpcr
568 3396 594 3442 in
602 3396 693 3443 melem
732 3388 849 3440 Atticum
860 3386 882 3450 (ι
890 3385 994 3436 Vettius
1006 3384 1049 3436 ille
1057 3391 1144 3435 nester
1154 3382 1265 3448 inden'),

165 3471 408 3529 purtemacceptum
417 3469 546 3532 reperiam
558 3467 694 3532 Aug-cop.
734 3465 807 3514 locus
814 3462 893 3513 dubie
905 3463 1014 3527 relinqui
1027 3475 1076 3512 non
1085 3460 1198 3512 ridetur.

164 3547 205 3593 ot.
217 3551 245 3592 et
256 3545 298 3591 tle.
309 3551 338 3592 et
348 3541 432 3606 Caliq.
442 3557 501 3608 erp.
512 3549 555 3596 tt.
767 3541 779 3576 ¹
797 3541 829 3598 Q.
843 3541 929 3605 Curio]
947 3541 1053 3592 Curtius
1064 3540 1106 3591 bio
1116 3541 1191 3589 bomo
1203 3554 1262 3604 per·

167 3647 173 3655 -
195 3616 338 3680 clatum]
354 3619 413 3667 Hoc
427 3625 476 3680 est,
488 3621 638 3684 antiquato:
656 3619 694 3670 in·
734 3617 984 3679 ottnrfflntttnrrtae
1002 3614 1189 3678 conjurationis
1208 3615 1265 3678 ipre

165 3693 261 3744 ducere
272 3693 340 3742 enim
352 3698 393 3742 est
404 3694 509 3743 verbum
520 3695 694 3746 Jnrirconsnl·
734 3693 996 3755 conrcius,sddnctns
1005 3699 1046 3740 est
1055 3707 1071 3740 ιι
1079 3692 1208 3741 Cicerone
1216 3704 1266 3754 per·

167 3767 200 3816 tis
210 3765 353 3828 tumtunm
371 3767 439 3831 apud
451 3769 592 3831 quotidem
604 3776 646 3820 est
663 3783 695 3819 ec
735 3771 861 3824 Fulvium,
883 3781 994 3832 quacum
1019 3766 1069 3830 ipri
1091 3763 1170 3813 Curio
1189 3773 1264 3816 vetut

165 3842 255 3893 delere
267 3843 537 3904 teterrimumque.
549 3843 583 3892 ab
594 3843 696 3893 inverso
735 3851 793 3894 eret
804 3841 975 3904 consuetudo,
991 3847 1022 3890 ut
1033 3839 1179 3903 conjurator
1193 3839 1265 3892 dete·

166 3919 243 3981 stylo,
252 3931 304 3981 quo
314 3916 474 3980 scribebant,
482 3917 595 3968 deducte
606 3919 695 3984 appel·
736 3925 819 3984 geret.

167 3995 273 4046 latione.
767 3993 977 4057 tctr'rogruptun
987 3990 1051 4056 einr]
1069 3989 1100 4041 ld
1113 3995 1267 4054 concamio·

198 4069 212 4106 ¹¹
229 4071 334 4120 Nonium
350 4069 458 4132 Nigrum
474 4070 633 4133 Quartum]
649 4071 697 4120 be·
736 4085 810 4131 nem3
827 4077 868 4118 est
879 4068 947 4118 enim
959 4068 1151 4132 Cirirograplrur
1162 4070 1267 4134 privetu

168 4147 282 4210 guntalii
295 4145 421 4203 Nonium
437 4152 592 4210 questurum
611 4152 697 4196 autom
737 4145 867 4209 scripturn
888 4158 936 4195 reu
952 4142 1038 4194 cautio
1059 4157 1136 4196 mann
1156 4147 1266 4209 alicujus

166 4227 209 4274 bic
218 4222 335 4283 intellige
344 4221 488 4284 principem
498 4222 568 4272 illnnr
577 4223 699 4288 quastio-
739 4220 837 4285 scripte
847 4221 889 4272 rel
898 4220 1054 4285 subscripto.

234 4305 354 4368 uentura
371 4303 429 4356 lior.
441 4305 505 4354 trus.
675 4300 775 4353 Sueten.
1177 4301 1202 4347 D
