3208 4918
644 456 842 508 ocravrus.
1227 445 1293 514 388

196 601 287 685 apud
316 595 369 664 (3.5
408 601 558 666 Drusum
583 605 688 676 extat,
710 603 877 683 repositus
903 619 1040 686 vespere
1075 603 1110 667 in
1142 621 1245 668 cunas
1268 623 1291 670 a

195 703 373 778 nutricula,
383 703 459 768 loco
474 702 586 784 plana
601 708 735 784 postera
746 699 760 741 ⁶
773 702 849 768 lnce
861 721 925 766 uon
943 704 1150 786 comparuit:
1167 702 1293 787 diuque

198 805 374 886 quaesitas,
391 802 520 868 tandem
545 804 580 866 in
604 803 771 868 altissima
790 805 893 868 turri⁷
917 810 1070 890 repertus
1092 809 1155 882 est,
1174 804 1295 888 jacens

195 912 312 970 contra
326 906 410 968 solis
425 911 591 970 exortum.
630 903 714 970 Cura
730 906 872 986 primum
885 905 949 972 fari
964 907 1138 988 coepisset,
1152 906 1185 970 in
1202 906 1295 972 avito

197 1007 416 1070 suburbanor
444 1007 673 1088 obstrepentes
694 1005 777 1070 forte
800 1025 896 1070 ranas
923 1006 1020 1071 silere
1037 1006 1171 1088 jussit3
1194 1010 1295 1090 atque

196 1124 294 1170 exeo
317 1115 477 1187 negantur
499 1106 546 1169 ibi
572 1125 661 1170 ranae
687 1125 844 1172 coaxare.
888 1105 943 1170 Ad
962 1114 1118 1189 quartum
1145 1107 1296 1189 lapidem

197 1207 379 1289 campane
422 1206 547 1282 vies,8¹
587 1208 623 1271 in
661 1227 791 1272 nemore
831 1207 1004 1289 prandenti
1034 1227 1077 1270 ex
1111 1209 1296 1290 improviso

198 1309 311 1390 aqufla
324 1328 443 1390 panern
458 1308 489 1372 ei
504 1329 523 1374 e
538 1327 639 1376 mann
654 1310 766 1390 rapuit
777 1315 800 1372 :³
821 1316 866 1385 et,
882 1327 956 1372 cunr
983 1309 1146 1376 altissime
1166 1309 1297 1376 evolas·

197 1415 274 1484 set,⁹
293 1427 406 1473 rursus
427 1410 674 1492 exinproviso
695 1410 813 1474 leniter
828 1418 853 1446 ¹⁰
879 1394 1035 1492 delapsa,
1050 1410 1205 1476 reddidit.
1250 1409 1297 1489 Q.

197 1507 337 1574 Catulus
352 1518 431 1592 post
445 1510 632 1576 dedicatum
647 1509 877 1593 Capitoliumb
892 1510 1022 1578 duabus
1039 1513 1200 1579 continuis
1215 1530 1297 1576 noc·

198 1610 290 1674 tibus
320 1611 514 1675 somniavit:
544 1613 661 1694 prima,
682 1612 806 1678 Jovem
838 1611 1009 1694 Optimum
1039 1611 1233 1680 Maximum
1255 1621 1297 1677 e¹

197 1713 424 1792 praetextatia⁰
447 1712 686 1796 compluribus,
710 1715 834 1780 circum
851 1731 943 1779 aram
970 1712 1176 1792 ludentibus,
1194 1733 1298 1778 unum

198 1812 392 1889 secrevisse,
406 1821 504 1897 atque
517 1814 551 1876 in
566 1814 640 1898 ejus
654 1816 788 1880 sinum*
805 1815 934 1895 signum
946 1812 1193 1897 Reipublicae
1205 1813 1297 1899 quod

201 2125 241 2168 est
252 2121 420 2172 Dersaioi—t
438 2123 512 2172 1111111.
524 2124 550 2172 in
559 2122 651 2172 selred.
663 2120 800 2184 legendnm
813 2129 903 2172 censet
917 2123 1035 2170 careres·
1046 2121 1162 2182 mma,
1171 2121 1297 2185 probante

202 2185 360 2248 Barrsng.-d
378 2187 465 2235 Postea
476 2188 550 2238 Cori.
572 2185 1013 2235 fla··am.ued.1tom.v0a.ires.
1046 2185 1109 2235 Mox
1125 2187 1212 2248 diuque
1224 2202 1298 2250 repo·

200 2248 253 2296 suit
265 2249 335 2298 Oud.
349 2249 401 2298 tide
418 2251 536 2300 binorum
556 2250 637 2300 cedd.
657 2251 741 2298 Palm.
758 2249 855 2298 Medic.
874 2256 905 2297 tr.
921 2249 1002 2298 Petit.
1022 2247 1080 2297 Pin.
1092 2248 1171 2300 Vind.
1190 2251 1299 2316 utrinstp

201 2311 273 2362 Voss.
286 2313 343 2375 Cuj.
359 2328 416 2362 curn
435 2315 501 2365 Edd.
516 2315 593 2366 Jnnt.
607 2315 698 2376 steph.
718 2313 778 2362 Aid.
795 2313 936 2362 accedente
954 2313 1026 2361 Dan.
1037 2313 1123 2376 Vulgo
1141 2319 1163 2362 et
1182 2315 1232 2362 dist.
1266 2315 1299 2364 In

200 2373 297 2424 Medic.
308 2381 332 2424 l.
344 2379 530 2439 sequentes-l
550 2379 623 2428 'lunt
642 2378 701 2439 Cuj.
714 2385 739 2425 et
751 2391 797 2440 pro
811 2383 848 2426 eet
865 2376 928 2425 dant
945 2381 969 2425 et
984 2377 1099 2425 llsrlenr.
1116 2376 1198 2426 Perie.
1228 2378 1298 2428 Dein

198 2437 353 2502 obstrepentis
364 2441 468 2490 Menam.
482 2443 626 2504 obstrepente
635 2441 714 2489 Vind.
727 2444 798 2489 l.-8
816 2441 910 2490 Mallet
921 2441 993 2490 Torr.
1012 2440 1144 2502 Campania
1156 2443 1205 2490 eis.
1232 2441 1298 2492 'l'aur

198 2507 221 2548 et
240 2517 271 2551 ee
289 2503 340 2566 inp.
364 2505 436 2554 cort.
449 2506 539 2568 camp.
558 2520 588 2553 ac
604 2503 716 2554 secnado
732 2506 790 2554 loeo
806 2517 888 2553 mese
903 2510 927 2553 et
943 2505 1013 2567 istpr.
1030 2503 1147 2554 Heriem.
1165 2505 1270 2556 Desunt
1285 2522 1299 2558 e

199 2580 270 2616 ms
282 2568 379 2616 Medio.
391 2573 461 2618 r.-u
477 2571 520 2619 Sic
538 2570 635 2618 editunr
647 2585 663 2618 e
680 2570 770 2617 Barna
786 2583 817 2616 cn
834 2568 938 2616 aterum.
957 2566 1034 2616 duob.
1052 2567 1137 2618 l'nlnr.
1148 2569 1209 2618 trib.
1220 2569 1298 2619 Tere.

200 2629 342 2680 Medico.
356 2632 435 2682 Petit.
452 2634 510 2681 l'ln.
529 2633 609 2682 vind.
627 2637 652 2681 2.
672 2632 748 2680 lluls.
767 2631 824 2694 cuj.
835 2633 913 2680 Voss.
931 2632 1001 2681 Dan.
1021 2637 1048 2680 et
1065 2633 1132 2684 Edd.
1151 2633 1225 2684 Jnut.
1239 2633 1300 2684 ΑΜ.

202 2693 265 2753 Arg.
277 2695 362 2756 Vulgo
379 2699 552 2746 souma-1⁰
571 2697 660 2746 Parere
671 2697 694 2745 ei
709 2695 794 2745 leniter
805 2694 902 2744 Medic.
919 2699 942 2743 1.
957 2694 1129 2746 leuiterliiud.
1140 2701 1163 2747 1.
1182 2706 1209 2746 et
1221 2699 1300 2762 elapsa

200 2757 273 2806 Cart.
295 2760 430 2822 camp-l
452 2760 666 2824 Prepesitionenr
687 2775 700 2809 e
720 2760 796 2820 vulgo
815 2762 973 2820 exulantem,
991 2760 1037 2809 sed
1056 2769 1249 2822 comparentem
1272 2763 1299 2810 iu

200 2823 258 2868 trib.
273 2823 369 2871 Medrc.
388 2824 466 2873 Polli.
483 2825 547 2886 Cep.
566 2825 640 2874 Huls.
655 2823 713 2888 (qni
730 2838 788 2871 mox
805 2823 956 2886 denwiuet)
968 2831 994 2872 et
1012 2823 1092 2873 coda.
1107 2823 1203 2886 water,
1223 2827 1299 2875 resti·

202 2886 252 2932 tait
275 2887 345 2936 Oud.
379 2889 444 2936 Dein
467 2889 530 2938 eirca
548 2889 634 2938 Perta.
656 2889 727 2937 Cart.
748 2887 814 2936 Edd.
835 2889 957 2936 liena-2
976 2888 1042 2936 Hac
1062 2890 1191 2951 nequead
1210 2903 1299 2939 socern

200 2949 275 3010 inseq-
290 2951 384 3000 desnnt
401 2953 480 3002 vind.
496 2958 520 3002 l.
531 2953 655 3015 jungeuti
667 2957 735 3013 atque
746 2953 819 3013 inseq-
853 2952 951 3001 Contra
968 2952 1067 3000 Medic.
1081 2958 1104 3001 1.
1116 2952 1189 3001 addit
1204 2967 1300 3003 seems

200 3013 226 3059 in
240 3015 341 3072 gremio.
375 3017 480 3064 Memor.
499 3030 550 3065 non
566 3017 644 3064 habet
657 3015 744 3072 dnum,
758 3023 784 3062 et
801 3028 859 3062 mox
878 3029 926 3078 pro
956 3018 1002 3064 aad
1019 3015 1065 3064 dat
1080 3030 1226 3078 quam‚carn
1241 3017 1300 3065 Pin.

203 3075 269 3137 Cap.
289 3079 357 3128 Dnn.
370 3080 436 3127 unde
454 3095 523 3142 uasa
535 3080 601 3142 conj.
616 3075 708 3128 scneff.
737 3077 766 3126 la
782 3079 828 3125 ria.
845 3079 874 3137 ej.
892 3031 988 3126 Medic.
1001 3083 1023 3127 1.
1035 3082 1059 3127 8.
1076 3079 1140 3141 Cup.
1158 3088 1185 3127 et
1201 3082 1300 3142 quadarn

200 3153 264 3188 naa.
278 3141 335 3204 Cuj.
358 3145 429 3207 lips.
441 3144 473 3192 ad
484 3158 555 3194 oram
568 3143 633 3194 eod.
645 3143 684 3192 sui
696 3141 818 3205 ascripsit
829 3142 855 3192 in
866 3141 978 3202 durias
986 3141 1052 3202 sign.
1064 3141 1155 3205 Roma,
1166 3142 1234 3206 quod
1246 3144 1300 3206 pla·

698 3315 804 3368 NorAE

203 3443 310 3499 paratus
331 3441 418 3484 esset:
436 3433 503 3484 ande
523 3432 666 3495 triumphus
674 3431 731 3494 ejus
772 3438 800 3478 ut
820 3427 913 3478 enm
936 3427 1014 3488 regia
1026 3424 1159 3491 dignitatis
1170 3439 1245 3477 umen
1257 3428 1302 3479 lib.

202 3511 296 3562 clarior
308 3525 385 3574 quern
398 3512 496 3574 gratior
507 3508 601 3568 sperat,
612 3506 679 3571 qnod
693 3513 730 3556 ta·
771 3519 792 3556 ι.
803 3503 895 3552 decad.
908 3507 931 3553 1.

202 3599 259 3634 rnen
270 3585 396 3647 Scipioni,
408 3597 457 3634 aec
470 3585 535 3646 eliis,
546 3592 638 3647 postes
648 3583 729 3632 conti·
802 3580 815 3614 Β
832 3580 975 3630 Dediestam
991 3576 1146 3642 Capitolium]
1163 3577 1196 3628 ln
1213 3578 1266 3632 dul.
1278 3593 1301 3628 c.

203 3660 259 3722 git:
279 3661 415 3725 dequibus
435 3661 502 3710 idem
514 3661 602 3710 multis
613 3659 677 3709 locis
688 3659 730 3710 Li·
774 3661 813 3706 lt.

205 3737 268 3786 rins.
803 3739 813 3766 ⁶
831 3727 1000 3790 Preteatatis]
1020 3728 1111 3778 Pueris
1123 3729 1223 3780 scillcet
1234 3744 1301 3793 pra·

235 3810 489 3874 reseraturum]
505 3812 658 3875 Baptae&
771 3815 869 3860 textam
889 3805 1050 3870 gerentibus,
1070 3805 1103 3853 de
1126 3820 1177 3870 qua
1199 3807 1224 3854 iu
1246 3806 1301 3857 Jat.

236 3895 247 3922 ¹
264 3888 390 3950 Caum
408 3890 466 3954 aia]
483 3890 541 3940 Qus
552 3889 668 3950 Capuam
679 3888 731 3936 iter
771 3899 796 3934 c.
808 3889 832 3934 1.

203 3972 274 4016 esst:
289 3963 335 4013 riis
345 3965 534 4014 nominastisrn
543 3963 576 4012 ab
587 3962 665 4027 iisqui
674 3962 730 4011 illas
802 3959 814 3992 ⁶
832 3959 934 4019 Sigeum
948 3953 1030 4018 Reip]
1040 3954 1159 4018 thnilsm
1172 3954 1212 4003 vel
1224 3954 1300 4004 simu·

202 4040 450 4090 strarersotindits.
770 4034 867 4084 lacrarn
892 4032 1022 4082 libertatis
1055 4031 1197 4080 Beroaldus
1222 4031 1300 4082 inter·

245 4123 257 4150 ¹
273 4117 360 4179 Aquita
376 4115 498 4176 mansei
517 4131 529 4164 e
549 4129 621 4164 erana
640 4112 732 4176 rapuit]
771 4119 899 4174 pretatur,
917 4109 1008 4158 Rornae
1019 4105 1130 4170 effigiem
1141 4107 1301 4173 Torrentius,

204 4189 276 4239 Idem
295 4192 328 4242 de
347 4193 418 4256 pileo
436 4191 568 4251 Tarquinii
586 4187 667 4238 Prisci
681 4189 731 4236 Ro·
771 4188 814 4253 qni
827 4194 944 4237 notarum
957 4199 1045 4233 errore
1063 4183 1095 4233 11.
1109 4198 1155 4246 pro
1167 4183 1238 4248 Reip.
1258 4200 1301 4235 sc.

204 4279 268 4314 marn
282 4269 392 4328 primurn
404 4268 532 4315 venientis
544 4263 623 4315 refert
637 4264 731 4318 Licinn,
771 4271 877 4328 ceptum
900 4260 1041 4312 existimat.
1080 4259 1149 4310 Telis
1168 4270 1240 4310 certe
1263 4262 1299 4309 ri·

268 4346 358 4410 Delpb.
367 4353 391 4397 et
402 4347 459 4397 Ver.
473 4349 538 4396 Clas.
702 4344 798 4394 Sueten.
915 4380 919 4389 .
1179 4346 1195 4392 2
1212 4341 1234 4388 B
