3216 4918
333 411 398 478 438
780 427 811 474 c.
834 423 1012 474 suenonrr

335 571 458 647 culum,
481 575 569 634 sorte
592 566 724 645 tracta,¹
739 587 809 651 qun
828 568 1036 645 mouebatur,
1052 572 1090 632 ut
1111 567 1152 632 de
1173 567 1423 632 consultationi-

334 674 399 736 bus
414 671 449 734 in
463 668 575 753 Aponi
589 667 719 734 sontem¹
733 670 819 734 tulos
832 687 952 735 aureos
961 675 982 703 ¹¹
991 669 1130 751 jaceret,
1146 669 1266 745 evenit,
1282 676 1320 732 ut
1335 687 1423 732 eum-

334 791 425 836 mum
440 789 609 836 numerum
614 770 700 854 jacti
715 771 759 834 nb
773 789 814 834 eo
831 769 1064 849 ostenderent3
1079 768 1248 852 hodieque
1260 771 1423 851 subaqua

337 874 487 937 visuntur
503 871 554 936 hi8
580 873 649 938 tali.
694 871 784 937 Ante
810 891 941 956 paucos
965 890 1054 949 vero,
1076 889 1175 956 quent
1202 879 1425 942 revocaretur,

787 1066 968 1088 cumeneo

336 1217 449 1265 Bou-8
460 1213 504 1264 Sic
515 1181 627 1278 repoauit
637 1215 706 1265 Ond.
719 1228 751 1264 ea
761 1215 825 1264 Mat.
837 1219 865 1264 et
877 1211 944 1262 Edd.
952 1221 1012 1262 ante
1024 1211 1135 1263 casaub.
1154 1211 1196 1261 ΑΙ.
1204 1211 1233 1274 ii,
1244 1212 1311 1276 quod
1322 1221 1426 1263 terrant

823 1413 933 1464 noTAE

367 1525 378 1558 ¹¹
396 1525 467 1575 Sorte
476 1527 565 1590 nunu]
581 1528 668 1578 Varie
684 1535 743 1578 tunt
760 1528 861 1594 tpeciea
902 1526 1019 1590 Euganei
1040 1523 1116 1575 bodie
1138 1524 1171 1573 ut
1191 1524 1265 1574 monii
1285 1526 1311 1574 di
1335 1525 1426 1576 Puden.

337 1601 634 1666 ejnndivinationirquae
646 1613 860 1668 peraurteaquae·
901 1602 987 1665 Hujua
1009 1599 1089 1651 fontia
1109 1600 1248 1650 meminere
1276 1602 1378 1652 Piiuinn
1398 1609 1427 1652 et

336 1677 453 1726 rebatur.
470 1679 630 1742 Quandoque
642 1679 788 1741 descriptor
800 1677 860 1742 pod-
901 1677 1077 1738 earundem,
1088 1679 1149 1726 dcc.-

335 1759 371 1801 tte
383 1751 516 1814 eujusdam
528 1767 615 1802 verene
627 1760 653 1803 et
665 1755 691 1804 in
704 1767 790 1803 urnam
803 1767 860 1803 con·
932 1759 949 1785 ¹
968 1754 1038 1802 Tuioa
1058 1750 1152 1816 curem]
1169 1749 1230 1800 Fuit
1245 1756 1273 1800 ct
1289 1751 1346 1801 bec
1362 1751 1427 1802 diti·

332 1827 419 1890 jector
431 1827 583 1883 educebant,
596 1839 640 1878 aut
652 1828 860 1886 emittebantdd-
899 1827 977 1876 nundi
999 1841 1045 1891 per
1064 1827 1131 1876 talou
1149 1827 1215 1876 tatio
1236 1825 1305 1891 apud
1328 1827 1426 1892 priscoa

337 1917 386 1966 qne
400 1902 495 1951 oraculi
508 1903 563 1952 rice
574 1903 716 1953 habebatur
727 1906 794 1969 qnod
806 1908 860 1954 cui·
900 1907 1008 1957 Grecos
1018 1910 1044 1956 in
1059 1899 1130 1956 mor'e
1142 1906 1226 1971 posita
1238 1921 1246 1968 ;
1262 1913 1351 1956 auctor
1360 1907 1428 1956 enim

336 1991 387 2040 qne
407 1976 555 2026 acciderat:
572 1977 726 2043 quandoque
738 1979 861 2030 fatidicoa
901 1989 942 2032 eat
955 1982 1105 2040 Pannonica,
1116 1980 1197 2033 iniaae
1212 1983 1238 2032 iu
1253 1996 1316 2046 agro
1330 1983 1427 2032 Buran-

336 2065 427 2101 retaua
439 2051 465 2100 in
476 2052 571 2101 tebelia
583 2052 773 2112 describebant,
783 2061 811 2105 et
824 2062 861 2105 ta·
900 2059 964 2108 aium
975 2058 1031 2124 (qui
1043 2073 1105 2122 gena
1115 2056 1243 2122 Achaica)
1259 2056 1347 2107 fanum
1359 2057 1427 2107 Her·

335 2129 368 2178 iia
379 2128 562 2179 divinationem
573 2131 747 2195 peragebante
768 2140 815 2183 cut
824 2147 863 2183 nr·
902 2133 976 2190 cuiie,
988 2135 1012 2183 in
1025 2148 1075 2198 quo
1083 2134 1196 2198 cujuaria
1207 2133 1244 2183 rei
1254 2135 1425 2198 anacipieudaa

338 2211 414 2268 repto
426 2210 562 2254 tenuerent
582 2214 673 2271 aperto
686 2208 769 2271 pniita
779 2210 863 2274 cnjua·
902 2209 1046 2274 captabant
1056 2209 1189 2274 augurium
1201 2223 1234 2259 ea
1254 2210 1311 2259 tuiis
1330 2217 1358 2260 et
1368 2209 1429 2260 aba·

338 2278 398 2329 darn
419 2279 494 2340 libro,
518 2281 586 2344 quod
610 2297 639 2332 ee
658 2283 766 2346 primum
784 2285 864 2335 ocoiia
902 2301 947 2348 co;
966 2285 1085 2350 precibna
1097 2285 1193 2349 quippe
1205 2285 1264 2334 Deo
1274 2285 1326 2335 rite
1338 2299 1429 2349 perac-

337 2368 444 2406 carmen
460 2355 602 2421 objecereq
617 2357 666 2408 boc
684 2373 730 2422 pro
747 2368 818 2410 corte
836 2368 865 2411 et
903 2352 946 2424 tia,
958 2369 1069 2425 quatuor
1082 2363 1157 2418 talea,
1171 2375 1277 2425 qnorum
1289 2361 1325 2412 ibi
1337 2376 1431 2425 magne

338 2433 443 2482 oraculo
459 2432 597 2484 babebant.
632 2433 702 2484 Hinc
715 2435 864 2498 Virgilianae
902 2437 986 2500 copie,
997 2437 1023 2487 in
1036 2452 1149 2488 mensem
1160 2437 1307 2502 jactabant,
1318 2453 1430 2502 eamque

337 2514 420 2556 corten
437 2507 505 2570 npnd
527 2508 700 2572 Laupridium
717 2510 743 2558 in
755 2510 865 2562 Alexan·
902 2517 1057 2580 cingulorum
1080 2515 1169 2579 figure
1190 2521 1287 2564 certam
1304 2514 1431 2564 baberent

339 2581 397 2638 dro,
424 2587 452 2630 ot
476 2581 641 2645 spartianum
668 2583 695 2632 iu
722 2583 864 2644 Hadriano,
902 2593 929 2640 in
941 2593 996 2656 ipae
1014 2592 1111 2642 tabeiic
1128 2588 1286 2654 dcacriptam
1302 2592 1430 2652 interpre-

337 2659 389 2706 ἀΰ·
903 2671 1036 2725 tationem,
1064 2681 1203 2718 excomm
1223 2665 1307 2728 figura
1330 2672 1358 2716 et
1379 2667 1431 2716 aita

370 2730 738 2796 ¹Apontsonten11²onrttte
757 2745 865 2800 propter
901 2742 987 2793 futura
1008 2742 1200 2808 conjectabant.
1238 2741 1316 2791 Hanc
1343 2749 1432 2791 autern

338 2803 481 2856 medicatae
502 2822 582 2871 aquea
600 2810 745 2860 celebretur
763 2813 864 2862 eciau·
903 2817 1034 2869 dioceuda
1046 2818 1258 2869 coniurationem
1270 2831 1318 2880 per
1327 2817 1392 2866 taioa
1404 2819 1431 2866 in

339 2879 416 2930 diano
436 2883 540 2944 egregio
569 2884 704 2947 Eieqidio:
735 2887 865 2938 ‘Publica
903 2908 995 2959 nquam
1006 2893 1430 2957 miteoectraaubouuuauuotarit‚

338 2953 484 3003 ¹³⁰¹b⁰f¹¹⁰¹
497 2957 749 3020 '‘iiflffffiswfflfflusse
761 2963 865 3013 meden-
904 2976 958 3019 anm
971 2984 1003 3018 ex
1021 2969 1152 3020 Pausania
1170 2970 1196 3020 in
1215 2969 1356 3029 henoteta,
1376 2976 1431 3017 tuan

339 3034 394 3078 tum
413 3028 554 3094 Auxilium,
570 3047 686 3097 preaeua
707 3051 811 3099 numen,
827 3039 865 3089 iu·
903 3059 936 3094 cx
947 3045 1086 3094 sozomeno
1101 3043 1146 3092 lib.
1164 3058 1188 3094 v.
1205 3042 1330 3094 Hiatorire
1342 3043 1432 3092 Eccle-

339 3114 409 3158 etnte
439 3107 523 3158 aaiut!
571 3110 647 3161 Unde
676 3116 865 3166 varnuimiibme
904 3120 1018 3169 aiaaticte
1039 3133 1098 3182 cap.
1119 3123 1160 3168 19.
1193 3118 1264 3168 Hinc
1280 3118 1346 3168 dona
1363 3132 1431 3182 qnat-

340 3195 433 3232 numen
444 3184 549 3236 aomitua
567 3194 623 3248 αις
640 3187 800 3240 dacensenim
815 3193 866 3244 aiae
904 3195 963 3244 dem
976 3195 1002 3242 iu
1019 3191 1104 3243 fontea
1120 3191 1304 3254 conjiciebant,
1324 3201 1433 3257 accepta

339 3257 475 3308 hboreent.
509 3259 630 3312 Meminit
645 3271 673 3312 et
691 3265 808 3314 bucauttn
821 3267 865 3317 tib.
903 3277 972 3319 aorte
983 3269 1015 3318 ad
1027 3283 1114 3318 eornm
1133 3267 1246 3329 modum,
1264 3269 1308 3334 qni
1323 3277 1432 3332 accepto

342 3344 394 3380 vu.
411 3345 478 3384 rere.
496 3340 551 3385 tua.
568 3337 714 3400 ‘Eunoen
726 3341 746 3390 ei
760 3355 820 3390 reta
835 3341 864 3389 fi·
904 3344 936 3394 nb
955 3345 1066 3394 omoniie
1083 3357 1205 3407 reaponao
1225 3344 1331 3393 donaria
1344 3346 1433 3394 votiva

340 3406 386 3455 dea
407 3411 618 3473 memorantibnn,
639 3427 721 3478 augur
738 3415 811 3465 Colla
829 3431 867 3466 uc·
904 3423 1056 3485 templorum
1069 3421 1145 3471 tboiie
1162 3435 1209 3470 eeu
1221 3420 1363 3484 parietibna
1375 3419 1433 3470 affi-

342 3482 414 3542 dem,
426 3483 534 3548 Apnnna
545 3489 622 3536 terrie
633 3488 676 3537 nbi
688 3489 792 3540 fumifer
803 3493 866 3550 exit,
905 3499 1011 3562 gebenn.
1049 3497 1200 3559 Exemplum
1223 3503 1264 3545 eet
1285 3494 1353 3558 apud
1376 3495 1434 3544 Pu.

341 3556 422 3607 Venit
432 3573 529 3608 numuta
540 3561 605 3624 dica,
618 3563 717 3625 geritur
730 3577 771 3614 ten
784 3567 865 3616 maxi-
904 3574 973 3623 nium
993 3573 1038 3622 lib.
1056 3585 1119 3622 vrrt.
1134 3572 1216 3635 Epiat.
1231 3574 1256 3620 8.
1273 3569 1318 3619 nbi
1333 3570 1367 3620 de
1380 3571 1434 3621 cti-

340 3644 392 3694 ma,
403 3632 487 3684 dixin'
510 3635 587 3686 Unde
597 3639 673 3688 etiam
683 3640 770 3706 colligi
780 3647 867 3707 puteat
905 3655 994 3698 tnrnno
1013 3647 1084 3698 fonte
1103 3645 1168 3711 agit,
1180 3646 1206 3696 in
1226 3645 1300 3709 cojne
1316 3647 1435 3709 proximu

341 3708 486 3772 Enganeoa,
503 3710 546 3773 qni
564 3711 684 3764 Herculia
695 3717 801 3767 comites
811 3716 867 3769 fue·
905 3721 966 3773 fauo
990 3731 1066 3774 erant
1089 3735 1192 3786 quoque
1215 3727 1309 3772 corten.
1342 3722 1378 3771 Et
1402 3723 1435 3772 da

342 3797 381 3844 re,
393 3786 565 3836 conatrnaiaue
581 3788 634 3839 illic
646 3789 764 3853 quiedam
776 3805 828 3842 atre
840 3795 866 3844 iu
906 3796 1000 3860 Apono
1023 3804 1135 3846 tentatur
1160 3795 1316 3845 Claudianum
1342 3794 1434 3846 eudem

342 3861 489 3926 &monent
499 3865 614 3917 victorie
622 3877 868 3935 monumenta,quo·
906 3871 1040 3936 Elegidio:
1059 3872 1145 3923 ‘Tune
1156 3886 1256 3922 omnem
1268 3871 1359 3936 liquidi
1380 3871 1435 3921 ral-

343 3949 399 3987 rnnt
411 3940 480 3990 iccuc
489 3941 595 4007 Geryon
612 3946 757 4009 appeiiatne
772 3945 867 4010 fuerin
905 3950 956 3998 ient
978 3949 1105 4000 mirabere
1125 3947 1216 4010 fundi3
1237 3948 1311 3997 Touo
1334 3955 1435 3996 reterea

342 4021 389 4064 ant
404 4019 481 4066 nortia
493 4019 528 4068 ibi
540 4019 643 4070 erodunt
653 4023 781 4086 quendam
795 4025 867 4074 inuti·
905 4025 994 4081 baete,
1007 4025 1165 4088 regiadona,
1176 4022 1288 4074 micant.'
1304 4023 1436 4073 Summum

345 4090 434 4153 tuieae,
446 4095 488 4143 vel
498 4109 515 4144 a
530 4095 653 4160 Geryone
672 4098 812 4156 inventurn,
827 4101 868 4150 rei
907 4101 1015 4151 talorum
1032 4099 1193 4164 jectumbie
1213 4098 1335 4162 iutelligit
1346 4097 1436 4150 Vener

344 4176 395 4224 qno
413 4168 451 4216 nai
471 4167 577 4232 inerint,
595 4173 717 4226 adteratur
736 4188 793 4225 enm
810 4189 868 4238 prc-
907 4187 971 4239 rem,
981 4181 1074 4238 utpote
1084 4173 1268 4236 felicianum,
1280 4181 1310 4224 nt
1321 4187 1398 4238 anpra
1409 4174 1435 4226 ia

344 4233 448 4302 secturi,
469 4257 527 4305 qnae
549 4245 670 4296 Sebeibci
688 4249 801 4312 auspicio
821 4257 866 4300 cat·
908 4251 1118 4316 Auguatcedl.
