3094 4914
275 403 339 470 lte
705 414 736 460 ο.
759 407 937 460 sunuourr

275 554 537 622 contaminatum
549 572 559 616 ε
573 551 765 634 quendem⁵
786 550 888 614 etiem
902 549 936 612 in
951 545 1078 612 Seuetu
1093 543 1283 610 defendenti
1300 541 1334 607 N
1336 561 1377 625 y·

278 655 372 720 see⁶¹
400 673 550 730 oensem,
578 652 658 716 illiue
683 649 893 726 Nicomedis,
918 647 1150 728 beneficioque
1171 645 1257 727 regie
1278 645 1313 707 iu
1336 661 1378 706 se

277 754 564 828 commemoreuti,
578 759 587 788 ‘
599 749 771 828 Remove,'
785 749 902 832 iuquit,
917 747 1081 825 ‘istbaee,⁷
1097 761 1157 810 oro
1171 749 1224 822 te;
1239 742 1379 825 queudo

279 865 392 920 notum
408 865 473 932 est,
488 853 545 917 et⁸
562 852 642 936 quid
657 853 715 916 ille
730 851 806 928 tibi,
821 855 855 914 et
869 848 950 932 quid
966 848 1016 912 illi
1033 855 1104 912 tute
1120 842 1271 911 dederis!
1293 841 1379 905 Gel-

277 956 344 1021 lico
353 955 496 1037 denique
505 953 672 1036 triumpho
681 953 801 1018 milites
814 951 889 1034 ejus
903 951 988 1014 iuter
1000 955 1112 1014 cetere
1123 947 1283 1021 carmine,
1294 961 1379 1026 que·

278 1057 325 1122 lie
339 1077 469 1120 currum
486 1060 726 1138 prosequentes
743 1053 957 1136 iocularitery
985 1059 1122 1128 canunt,
1138 1049 1242 1114 etiam
1258 1045 1378 1126 vulge-

279 1158 442 1222 tissimum
457 1156 563 1221 illud⁹
578 1155 893 1238 pronuntiaverunt:
1278 1237 1285 1244 ·

365 1257 499 1322 Gellius
512 1264 537 1294 ¹⁰
558 1255 676 1318 Caesar
689 1254 829 1336 subegit,
846 1251 1054 1317 Nicomedes
1069 1250 1248 1315 (laeserem.

364 1356 452 1420 Ecce
464 1355 582 1420 Caesar
595 1372 681 1418 nunc
697 1353 956 1436 triumphatum
972 1353 1103 1434 subegit
1116 1349 1248 1416 Gellius
1259 1371 1268 1415 r
1281 1359 1290 1390 ¹

365 1455 571 1520 Nicomedes
586 1473 651 1518 nou
666 1452 860 1534 triumphat,
877 1455 935 1536 qui
952 1452 1086 1533 subegit
1101 1450 1281 1515 Cursarem.

279 1557 362 1641 [bd]
385 1557 530 1621 Pronum
552 1565 587 1620 et
609 1560 819 1618 sumtuosum
841 1553 875 1616 in
897 1551 1054 1616 libidines
1077 1551 1194 1627 fuisse,
1216 1545 1379 1617 cenetens

280 1660 398 1748 opinio
419 1663 482 1735 est,
504 1657 751 1740 plurimusque²
772 1660 806 1718 et
820 1654 969 1718 illustres
992 1651 1151 1717 foemiues
1165 1654 1379 1737 corrupisse:

278 1759 450 1841 inquibus
468 1756 693 1822 Postumiem³
720 1754 830 1818 Servii
855 1752 1013 1836 Sulpicii,
1032 1751 1178 1818 Iaolliem
1200 1751 1282 1818 Auli
1307 1753 1382 1818 Ge-

280 1859 376 1938 binii,
401 1857 583 1922 Tertullam
609 1856 657 1918 M.
687 1855 812 1932 Crassi,
835 1856 965 1919 etiam⁴
993 1851 1055 1917 Cn.
1085 1853 1241 1936 Pompeii
1268 1853 1381 1918 Muci·

281 1979 346 2024 em.
389 1957 479 2024 Nem
501 1965 592 2022 certe
620 1957 800 2039 Pompeio,
811 1963 847 2020 et
867 1975 889 2020 e
905 1954 1107 2020 Curionibus
1128 1962 1224 2036 petre
1247 1961 1281 2020 et
1295 1955 1379 2032 filio,

280 2070 315 2124 et
343 2080 365 2125 u
395 2059 511 2124 multis
534 2058 772 2142 exprobratum
800 2064 865 2135 est,
893 2057 997 2140 quod,
1025 2055 1144 2139 ‘cujus
1171 2075 1277 2119 oense
1302 2064 1381 2140 post

277 2283 308 2371 et
325 2317 381 2368 eliis
398 2316 494 2366 multis.
512 2322 589 2365 ortem
599 2315 680 2366 vind.
692 2321 714 2366 l.
729 2316 816 2367 Veneri
833 2317 997 2366 Heriem-tt
1017 2317 1126 2373 Quodoer
1139 2316 1211 2366 Med.
1223 2321 1248 2366 2.
1265 2323 1294 2364 et
1312 2315 1383 2366 Edd.

281 2383 434 2447 eliquet-ti
452 2381 516 2430 Cum
528 2381 594 2430 Edd.
608 2381 697 2442 prime
708 2381 835 2430 heberent
847 2383 869 2430 et'
880 2382 939 2430 eriere
951 2383 990 2430 rel
1001 2382 1028 2430 t'rr
1038 2395 1072 2444 ee,
1083 2381 1225 2430 Beroaldus
1242 2380 1302 2430 binc
1316 2379 1382 2430 feeit

281 2447 360 2506 reice,
371 2445 409 2493 uti
421 2451 464 2492 eet
476 2458 578 2556 queatis
594 2444 620 2492 in
629 2443 707 2494 vind.
718 2449 743 2494 2.
754 2447 825 2496 Cort.
840 2445 921 2494 Fouc.
933 2445 1197 2494 Paterninum.
1210 2445 1292 2506 bugd.
1304 2444 1381 2496 Jrrut.

283 2507 514 2569 Atusrepttnre
554 2507 670 2571 rypbee
708 2522 776 2560 ures.
810 2509 845 2558 At
861 2509 946 2558 l’ulur.
965 2518 1072 2559 erectore
1086 2507 1380 2558 Tumebcdtlv.urr.

282 2577 323 2622 lt.
333 2587 367 2622 ex
378 2572 442 2622 Mes.
453 2571 583 2634 plerisque
594 2571 667 2620 dedit
722 2587 765 2633 ee,
780 2587 811 2622 ee
821 2573 902 2622 teeuti
914 2579 975 2622 eunt
987 2581 1134 2638 requenter,
1149 2573 1234 2636 ejecte
1250 2573 1382 2634 particule

280 2635 385 2686 circle.
420 2631 540 2683 bieffnus
551 2635 577 2683 in
596 2634 683 2698 Antiq.
695 2588 744 2699 Rq.
760 2650 803 2700 ep.
816 2641 838 2685 1.
851 2652 866 2685 e
879 2651 981 2686 nummu
993 2637 1127 2686 contendit
1138 2635 1303 2686 scribendum
1321 2649 1381 2684 esee

282 2699 370 2754 Mera,
383 2713 433 2760 quo
445 2697 509 2748 feeit
521 2699 590 2746 verte
601 2698 681 2746 lectio
694 2698 772 2750 Pullt.
788 2699 875 2764 Myra.
891 2700 934 2750 cf.
945 2699 1015 2750 Oud.
1026 2700 1057 2748 ed
1070 2701 1119 2750 loc.
1138 2699 1295 2750 Hebeteod.
1305 2699 1381 2748 Tere.

240 2781 246 2794 ·
276 2764 330 2828 filli
345 2775 391 2824 pre
434 2762 621 2824 iae.-t1nqm·r
637 2763 873 2826 ieteCujec.crcte
893 2763 1288 2814 flutr.tetn1³erir.iirrten.
1309 2762 1381 2813 Abb.

283 2825 369 2876 Gecd.
406 2839 445 2873 eu.
463 2823 597 2889 Bentley
616 2825 640 2874 b.
660 2825 780 2876 omittere
797 2834 846 2876 eet.
880 2827 984 2876 Deinde
995 2829 1103 2890 qeoeieer
1120 2833 1201 2877 sotere
1213 2828 1291 2876 vind.
1306 2827 1381 2878 curt.

283 2891 368 2939 Putre.
378 2889 486 2938 Medici.
504 2888 579 2938 Celd.
591 2841 650 2938 th.
668 2895 718 2940 eet.
737 2897 774 2940 eet
788 2893 850 2954 qued
861 2891 947 2942 Perie.
963 2893 1029 2940 Veu.
1047 2897 1072 2940 2.
1083 2897 1107 2941 3.
1124 2892 1190 2940 Βοο.
1209 2890 1293 2955 bugd.
1303 2891 1380 2943 dunt.

281 2957 330 3002 -8
348 2953 382 3002 Et
390 2950 466 3002 deest
475 2953 580 3002 Merum.
592 2952 668 3002 Huic.
677 2954 767 3017 Stepb.
779 2961 807 3002 et
817 2955 881 3003 eliis.
913 2955 1037 3004 Mortale
1049 2971 1095 3018 pro
1104 2961 1130 3004 tu
1140 2955 1222 3004 edidit
1232 2969 1289 3004 cunr
1298 2955 1381 3003 Grou.

283 3015 354 3066 0ud.
366 3016 492 3079 prebente
509 3017 571 3066 Ero.
583 3030 615 3065 ex
633 3017 739 3066 Merum.
757 3017 853 3066 Medic.
866 3017 944 3066 Viud.
957 3023 979 3068 1.
993 3019 1069 3068 Ferre.
1086 3019 1165 3068 Petit.
1176 3020 1251 3068 Voce.
1262 3019 1340 3067 liele.
1352 3028 1380 3066 et

283 3079 350 3129 Edd.
381 3081 461 3130 eiecit.
473 3079 511 3128 illl
526 3081 614 3129 emate
625 3080 767 3143 crure-e
784 3081 848 3130 [llud
857 3082 922 3141 curig.
934 3081 1059 3141 medicei,
1075 3082 1153 3132 vind.
1165 3087 1189 3131 2.
1203 3083 1277 3130 Vere.
1288 3082 1380 3142 Cujee.

282 3142 350 3192 Edd.
361 3095 435 3192 fuere.
446 3143 509 3191 Bu.
543 3144 607 3192 Mox
617 3145 832 3206 mammet
844 3145 956 3194 metebel
966 3145 1163 3195 Heinsius-1⁰
1183 3146 1266 3194 Gellot
1278 3145 1343 3192 Verr.
1357 3149 1380 3195 l.

282 3207 367 3270 Lugd.
377 3207 452 3260 Junt.
464 3205 576 3268 Arge-t
595 3207 646 3254 Hie
657 3209 796 3258 rerelculue
807 3207 971 3264 desideretur
982 3209 1007 3256 in
1026 3209 1131 3258 Merum.
1143 3217 1171 3258 et
1187 3210 1258 3258 tded.
1270 3213 1294 3256 ³.
1306 3215 1333 3257 et
1352 3209 1379 3257 ie

283 3270 354 3320 Med.
364 3273 389 3318 2.
402 3269 434 3318 ed
445 3283 525 3332 merg.
542 3267 618 3318 modo
629 3279 771 3332 comperet.
804 3272 901 3320 contre
919 3274 1011 3321 tertius
1024 3286 1111 3320 tereus
1124 3273 1199 3322 ebett
1210 3289 1223 3321 e
1234 3272 1313 3321 vind.
1324 3277 1347 3322 1.
1356 3279 1381 3322 et

282 3334 349 3395 quart
362 3333 445 3380 Cesar
460 3332 589 3400 triumplu!
606 3333 671 3382 Erre.
689 3333 829 3396 Cujee.—2
848 3334 926 3381 vind.
937 3335 1183 3400 moeroremque.
1215 3338 1279 3386 Mox
1298 3349 1380 3384 cerre-

280 3397 345 3458 pteee
363 3394 463 3443 excidit
481 3409 515 3443 ex
531 3395 673 3457 eopse—t
689 3397 856 3445 Poeterrrr'rmre
876 3397 981 3446 Merum.
999 3399 1092 3462 copes.
1113 3399 1185 3448 Med.
1198 3405 1221 3448 1.
1254 3400 1319 3448 Tum
1332 3399 1381 3447 Le·

281 3459 338 3507 lieet
351 3457 430 3507 vind.
443 3466 560 3521 uterque,
572 3459 644 3506 Gort.
655 3465 682 3506 et
695 3459 784 3507 Gcbter'
795 3460 867 3510 bled.
880 3460 941 3522 duo,
958 3461 1073 3511 Heriem.
1093 3463 1161 3512 Edd.
1173 3464 1280 3526 eliquot,
1294 3463 1381 3511 Gotti-

282 3522 319 3570 ee'e'
331 3523 390 3572 Bee-
413 3519 516 3570 Deinde
526 3521 646 3570 Μούσῃ
657 3521 733 3569 vtnd.
746 3527 769 3570 1.
780 3523 847 3572 Ven.
860 3527 883 3571 1.
903 3525 1025 3574 Tertelem
1038 3527 1103 3576 Bou.
1118 3526 1192 3576 erte.
1207 3527 1314 3576 Mediol.
1335 3527 1381 3574 Te-

283 3587 365 3636 telteet
377 3586 489 3635 ere-e
506 3585 559 3634 Pro
569 3586 641 3634 ettuer
657 3585 913 3638 ebredunense
929 3603 943 3638 e
961 3590 1044 3641 Rbed.
1058 3595 1083 3640 2.
1110 3591 1221 3640 Interius
1232 3591 1380 3653 explentem

775 3697 880 3749 NOTAE

316 3799 329 3824 ¹
345 3792 433 3857 Nysa]
451 3791 600 3842 Nicomedis
617 3793 659 3842 elii
675 3791 756 3842 filium
770 3791 811 3843 i'u·
850 3798 992 3860 eerejoeos
1002 3799 1082 3848 vestri
1096 3813 1197 3864 quoque
1209 3795 1277 3848 ferre
1288 3796 1380 3846 triurn-

284 3867 444 3928 insecutum,
461 3867 505 3917 elii
523 3869 615 3917 cmieec
631 3869 732 3918 nomine
749 3869 810 3919 seri·
851 3872 904 3934 ptri,
915 3873 1052 3922 Meteriern
1066 3873 1141 3924 dieti·
1157 3889 1206 3924 nee
1223 3873 1305 3936 pudet
1321 3887 1379 3922 esee

284 3941 349 3991 bunt
360 3943 439 3992 errice.
850 3945 960 3996 decerne
985 3949 1023 3998 Eo
1035 3957 1064 3999 ut
1072 3949 1145 3998 eluet
1154 3951 1261 3999 coneilio
1273 3957 1300 3998 ut
1312 3963 1379 4011 pree·

317 4015 501 4083 rumicen]
527 4017 638 4081 Impune
657 4021 753 4084 quippe
770 4023 810 4085 je·
851 4025 902 4074 mie
912 4025 1015 4074 virtutis
1024 4024 1156 4088 ecutpieue
1165 4025 1336 4088 triumphetur
1345 4025 1379 4074 de

284 4093 339 4141 ceri
360 4093 457 4142 lirebet
473 4095 596 4144 militibus
612 4096 638 4145 in
651 4096 809 4160 triumphen-
851 4100 1031 4164 vitiisquoque
1043 4101 1095 4150 tuis
1107 4109 1264 4151 moueretur.

286 4174 334 4217 ter.
346 4165 462 4218 Mertiel.
473 4169 517 4220 lib.
527 4183 546 4222 r.
558 4171 633 4236 Epig.
644 4177 668 4222 ⁵.
680 4172 809 4222 ‘Consue-
