3216 4918
673 396 864 448 russatus.
1241 389 1306 452 455

220 541 321 603 etiam
337 539 526 622 Principem
539 539 782 606 detrectabant8
797 561 863 606 non
878 562 900 606 a
924 561 962 608 so
978 543 1105 623 datum,
1115 563 1306 628 summaque

220 641 255 703 vi
265 640 525 717 Germanicum,p
538 641 675 725 quitum
689 645 732 706 iis
744 648 894 725 praerat,
907 643 948 708 ad
961 645 1196 728 capessendam
1207 645 1309 708 Rem·

220 743 387 824 publicam
412 744 637 825 perurgebant,
665 760 854 826 quanquam
877 744 1073 810 obfirmate⁹
1096 747 1308 810 resistentem.

221 843 328 920 Quem
351 845 495 908 maxime
519 864 633 908 casum
659 847 804 921 timens,q
830 853 942 927 partes
965 847 1042 923 sibi,
1062 865 1147 929 quas
1169 846 1308 912 Senatui

219 943 349 1018 liberet,
365 944 504 1008 tuendas
520 943 553 1006 in
569 944 758 1027 Republica
773 945 973 1028 depoposcit
983 954 1003 1010 :¹
1026 946 1162 1030 quaudo
1178 949 1309 1012 univcr-

220 1063 267 1108 sae
282 1044 430 1108 sufficere
440 1045 534 1109 solus
545 1052 571 1083 ¹⁰
584 1064 682 1108 uerno
695 1053 823 1128 posset,
838 1045 904 1110 nisi
927 1066 1003 1110 cum
1018 1048 1132 1124 altero,
1142 1047 1195 1112 vel
1206 1050 1307 1111 ctiam

220 1145 478 1227 cumpluribus.
521 1147 737 1210 Simulavit¹¹
757 1155 793 1211 et
816 1148 1135 1232 valetudinemque
1159 1150 1306 1230 aequiore

219 1248 330 1310 animo
354 1247 571 1312 Germanicus
594 1249 731 1312 celerem
755 1249 1010 1327 successionem,
1031 1251 1083 1314 vel
1099 1256 1187 1315 certe
1202 1253 1308 1314 socie·

219 1357 318 1414 tatem
343 1349 563 1432 principatus,
586 1352 797 1433 opperiretur.
841 1349 1049 1434 Compositis
1074 1351 1306 1428 seditionibus,
1401 1341 1409 1356 ’

218 1450 437 1516 Clementem·
451 1470 584 1534 quoque
600 1451 716 1515 fraude
730 1451 905 1534 deceptum
916 1453 1042 1534 redegit
1052 1453 1087 1516 in
1097 1457 1307 1536 potestatem.

216 1552 393 1628 Libonem,
412 1571 453 1614 ne
477 1551 554 1635 qnid
575 1553 609 1614 in
625 1554 770 1618 novitate
788 1553 943 1618 acerbius
966 1554 1068 1630 fieret,
1089 1552 1237 1617 secundo
1252 1551 1307 1615 de-

219 1673 308 1718 mum
325 1673 412 1718 anno
425 1655 458 1717 in
474 1654 600 1718 Senatu
616 1655 779 1734 coarguit,
795 1653 904 1717 medio
916 1655 1075 1736 temporis
1090 1656 1222 1736 spatio²
1237 1659 1307 1717 tan·

217 1763 287 1819 turn
311 1775 430 1820 cavere
454 1763 640 1820 contentus.
699 1754 790 1818 Nam
818 1761 852 1820 ct
873 1755 959 1820 iuter
975 1753 1158 1819 Pontifices
1179 1755 1307 1818 sacrifi·

249 1939 257 1972 ¹
276 1941 360 1990 Finxit
370 1941 443 1989 etiarn
453 1955 478 1988 re
488 1941 684 1990 warmaciam
698 1943 755 2002 ase,
770 1945 797 1988 rrt
810 1939 965 1988 Germanicus
975 1946 1110 2004 mactaret
1127 1941 1252 2004 tudertina,
1261 1946 1303 1992 art

217 2019 241 2053 rr
253 2004 316 2053 breui
327 2011 608 2067 neccommittam
618 2009 742 2054 emturum
752 2004 778 2051 r'n
787 2010 878 2066 portua
890 2005 997 2066 Imperii.

668 2145 852 2166 ”W

217 2247 277 2296 Urs.
288 2246 353 2296 Edd.
364 2247 424 2296 Bar,
435 2253 502 2308 port.
529 2246 679 2298 ommia·
690 2246 801 2296 vinda.
812 2247 941 2296 Faue-8
957 2246 1067 2296 Detraet.
1083 2244 1158 2294 Huts.
1191 2243 1254 2293 Mox
1266 2260 1306 2294 ar·

216 2311 318 2372 neduat
330 2312 369 2360 rel
388 2311 504 2372 urgebunt
515 2311 627 2360 Medioei
640 2327 698 2360 curn
714 2312 778 2375 Cep.
796 2311 911 2359 Heriem.
923 2311 1000 2358 Fonc.
1022 2311 1105 2371 Supra
1117 2307 1216 2356 auctior
1227 2309 1304 2358 tactio

217 2377 242 2424 in
255 2376 315 2424 Liui.
326 2383 353 2424 et
365 2375 424 2440 Cuj.
450 2373 619 2436 Germfitiroa
630 2375 706 2426 Drusi
716 2377 758 2438 pai
768 2381 827 2432 tam,
844 2373 1098 2436 Holocaustomata
1111 2373 1243 2421 Germ—9
1255 2373 1303 2420 Ob-

210 2439 329 2504 firmitate
340 2440 419 2488 Four.
434 2439 549 2488 obtinete
565 2441 637 2490 Cort-
652 2447 680 2489 et
689 2454 770 2502 marg.
781 2439 859 2488 Viud.
870 2443 894 2487 2.
920 2438 1005 2486 Etiam
1016 2437 1054 2486 nir
1065 2451 1112 2498 pro
1123 2437 1164 2497 tir,
1174 2436 1250 2484 notite
1261 2451 1304 2484 va·

217 2505 333 2561 natione,
349 2506 375 2553 in
392 2505 455 2553 Mra.
465 2510 493 2553 et
504 2502 571 2552 Edd.
582 2505 721 2553 Vota-1⁰
738 2503 832 2552 Mailet
843 2503 916 2550 Torr.
931 2504 995 2550 sciar
1010 2502 1114 2562 aberae,
1124 2515 1155 2548 ac
1170 2499 1305 2550 detereret

217 2568 286 2630 Lipr.
297 2563 339 2616 ro'i.
349 2567 405 2631 ruff.
416 2583 461 2617 aaa
473 2568 557 2617 Paria.
569 2582 585 2616 a
597 2583 629 2616 m.
640 2582 678 2630 pr.
686 2566 732 2616 ned
743 2582 809 2616 armo
819 2567 844 2616 in
856 2571 983 2624 mara-l
1001 2565 1159 2614 Amavit
1176 2564 1238 2613 Liri.
1247 2565 1304 2627 cuj.

216 2631 439 2681 Moxruccmorenr
449 2632 512 2680 dant
521 2633 595 2685 Junt.
608 2633 671 2692 Arg.
685 2631 743 2680 nid.
752 2632 853 2694 Grypb.
864 2631 953 2692 srepn.
966 2630 1143 2679 Plant.Coiin.
1160 2629 1305 2679 correxere

216 2695 286 2759 Lipr.
296 2704 322 2745 et
332 2697 407 2747 Torr.
439 2696 520 2745 Paulo
530 2703 590 2745 acte
601 2698 638 2745 art
646 2698 730 2746 raim
737 2695 815 2744 vind.
828 2699 900 2746 1.—a
916 2695 983 2742 Med.
994 2699 1054 2742 tuat.
1065 2700 1135 2756 temp.
1145 2697 1206 2756 aput.
1217 2693 1304 2744 Perta.

217 2759 332 2810 Heriem.
343 2760 422 2810 vind.
434 2769 544 2824 uterque
555 2769 583 2810 et
595 2759 661 2809 Edd.
673 2760 747 2811 Vett.
756 2758 812 2809 tere
823 2773 919 2809 omncs.
952 2758 1004 2808 Sed
1015 2759 1048 2807 ab
1066 2758 1115 2806 Ed.
1127 2757 1216 2822 erup.
1228 2756 1304 2806 obeat

713 2906 821 2957 NOTAE

108 3015 116 3032 ·
215 3005 274 3054 Hoc
300 3019 376 3054 renen
403 3011 552 3053 coustsnter
576 3004 677 3052 lacubus
698 3011 739 3052 ort
778 3000 943 3062 multurae.

215 3080 351 3128 Suetonius
363 3079 388 3126 in
401 3078 504 3128 Othone
515 3093 575 3141 cap.
593 3082 618 3127 8.
636 3083 664 3127 et
673 3077 738 3127 Vea-
811 3083 820 3108 ¹
836 3075 989 3138 Depopnreit]
1005 3073 1092 3122 innuit
1104 3071 1234 3120 historiam
1245 3069 1304 3118 Aoi·

216 3155 319 3218 pariano
332 3167 389 3216 cap.
398 3158 423 3201 e.
779 3150 813 3199 nii
826 3150 904 3211 Galli,
915 3165 989 3213 quent
1000 3147 1119 3196 Tiberius
1137 3153 1238 3194 cerreto
1245 3146 1302 3208 jam

245 3227 447 3290 ammian]
466 3228 549 3280 Quem
562 3226 678 3276 Tiberius
695 3225 739 3274 ad·
779 3223 839 3273 odio
857 3223 1076 3286 prosequebatnr3
1104 3219 1214 3268 duxerat
1235 3223 1302 3268 enim

213 3312 358 3370 optaverat,
376 3317 453 3367 supra
467 3317 524 3365 cap.
542 3305 582 3352 tt.
616 3301 693 3350 Hunc
711 3309 738 3349 et
780 3298 958 3364 Agrippinum,
978 3297 1010 3346 de
1030 3310 1079 3360 qna
1100 3309 1177 3356 supra
1200 3309 1257 3357 cap.
1277 3299 1303 3348 7.

215 3381 239 3430 vi
251 3390 279 3432 et
290 3380 411 3444 precibus
428 3379 460 3428 ad
471 3377 606 3438 imperium
618 3374 738 3424 retebant
778 3375 842 3423 Rern
861 3371 918 3422 tuse
936 3378 1022 3421 narret
1042 3384 1142 3435 quoque
1160 3370 1263 3418 Tacitus
1283 3383 1302 3420 r.

215 3458 334 3512 crebere,
355 3464 385 3506 ut
401 3453 468 3504 infra
487 3451 571 3512 Catig.
591 3463 649 3512 cap.
668 3453 692 3497 1.
710 3457 738 3498 at
777 3447 871 3498 Annei.

214 3535 339 3596 praetore
354 3547 384 3582 ac
403 3524 736 3580 concambiassem·
809 3532 818 3557 ¹
837 3522 991 3585 Clementem]
1018 3521 1045 3571 Is
1058 3521 1199 3584 Agrippam
1210 3533 1237 3567 se
1248 3533 1302 3568 rnu-

214 3609 264 3657 uat.
778 3601 926 3650 peredeum
938 3598 1013 3648 morti
1025 3604 1141 3660 ereptum
1160 3595 1301 3644 mentieba-

246 3684 353 3738 aava
364 3681 465 3730 marim
480 3693 559 3728 aaran
571 3677 667 3740 mm]
696 3675 737 3724 Ne
778 3683 834 3737 tur;
851 3671 1302 3739 rt⁸percontanti'liberioquomodo

215 3758 448 3808 annumeraretur
460 3753 627 3804 Germaniam
642 3751 737 3815 princi·
779 3751 897 3816 Agrippa
919 3749 1003 3799 factus
1025 3749 1112 3798 emt?
1140 3744 1303 3808 reapondisse

214 3840 304 3897 patum
325 3831 464 3892 acciperet.
494 3829 598 3876 Tacitus
620 3826 735 3876 ibidem:
777 3826 868 3887 fertur,
878 3823 1012 3876 Quomodo
1024 3833 1060 3880 tn,
1073 3823 1167 3872 Carar.
1193 3819 1230 3868 Ut
1241 3820 1301 3867 ede-

213 3909 316 3958 ‘Canna
328 3903 456 3969 praecipua
466 3902 630 3969 (cunctandi)
641 3916 673 3950 ex
684 3900 736 3950 t'or·
777 3909 817 3950 rat
830 3901 913 3951 socios
926 3901 1007 3962 subigi
1021 3913 1071 3948 non
1086 3899 1168 3962 potuit
1178 3896 1199 3957 ;'
1221 3911 1302 3960 qusn-

215 3978 589 4041 midine,neGr1-rnauicus‚ta
602 3977 673 4038 cujus
684 3991 737 4024 ma·
776 3990 850 4041 quam
862 3975 936 4024 rnolti
954 3987 987 4022 ex
1005 3974 1061 4036 ipra
1075 3972 1206 4035 Principia
1226 3971 1301 4020 domo

214 4074 248 4109 nn
268 4065 309 4108 tot
326 4057 448 4120 legiones,
467 4057 590 4104 immensu
610 4053 737 4102 sceionrra
778 4056 935 4100 sustentatae
952 4047 1023 4096 illurn
1041 4045 1133 4110 opibus
1151 4046 1300 4096 atconsitiis

213 4135 319 4196 auxilia,
335 4133 415 4181 mirus
433 4129 501 4195 apud
518 4130 637 4193 poputum
656 4125 738 4191 farer,
777 4125 935 4174 dicerentur.
976 4121 1071 4173 Refert
1092 4137 1193 4188 quoque
1220 4120 1301 4172 tursius

214 4210 309 4260 habers
335 4209 468 4274 imperium
495 4219 571 4272 quam
598 4209 736 4268 expectare
776 4197 881 4250 Tacitus
892 4198 985 4248 Annol.
995 4211 1026 4248 ιι.
