3228 4926
669 377 867 426 ccravrus.
1248 363 1314 430 819

221 518 287 584 nisi
302 537 338 582 se
359 517 530 595 consulto,
552 517 715 599 permisit,
731 526 765 583 et
785 519 844 597 ita,
866 526 905 584 ut
925 521 1045 586 certior
1066 521 1173 598 fieret,
1195 540 1262 604 qua
1282 522 1315 587 is

224 627 334 695 ente,
357 636 426 700 qua
445 615 598 696 statura:¹
620 637 687 700 quo
703 619 814 683 colore
828 627 929 696 cacat,
942 621 1044 685 etiam
1057 623 1180 704 quibua
1196 639 1314 704 corpo-

222 720 270 784 ris
282 720 384 797 uotis,
403 719 458 784 vel
480 719 703 783 cicatricibus.
749 719 835 784 Post
848 721 1107 803 quinquennium
1122 721 1255 785 domum
1270 741 1316 786 cx

224 820 334 884 insula
347 820 380 884 in
397 820 647 896 continentem,⁸
662 820 931 903 lenioribusque³
947 821 1314 904 panloconditiouibua,

223 918 396 984 transtulit
411 939 498 984 eam.
543 919 644 997 Nam,
659 926 697 984 ut
712 919 845 986 omnino
859 919 1042 1000 re'vocaret,
1057 924 1213 986 exorari*
1226 924 1316 988 nullo

222 1020 323 1085 modo
345 1020 470 1104 potuit;
493 1018 706 1104 deprecantis
726 1040 820 1104 aaepe
842 1021 970 1106 populo
986 1021 1153 1098 Romano,
1167 1029 1200 1088 et
1214 1024 1315 1106 perti·

222 1119 341 1186 naoiua
356 1121 503 1197 instanti,
519 1125 528 1155 ‘
543 1121 628 1184 tales
649 1121 738 1186 filias
759 1122 912 1204 talesque
935 1121 1114 1205 conjuges’
1127 1143 1188 1206 pro
1203 1125 1316 1188 conci·

226 1241 289 1286 one
303 1222 533 1304 imprecatus.⁵
579 1221 633 1284 Ex
656 1228 755 1304 nepte
769 1221 864 1285 Julia
886 1229 966 1305 post
979 1222 1222 1287 damnationem
1245 1223 1317 1286 edi·

225 1327 296 1386 tum
325 1323 482 1387 infantem
515 1322 676 1403 agnosci⁶
698 1322 808 1405 alique
841 1322 954 1386 vetuit.
997 1320 1183 1407 Agrippam
1211 1325 1315 1390 nihilo

226 1424 496 1502 tractabiliorem,
507 1424 610 1488 immo
627 1425 661 1488 in
671 1424 743 1488 dics
758 1425 981 1500 amentiorem,
992 1424 1026 1486 in
1038 1423 1200 1489 insulam¹
1213 1429 1318 1489 traua·

226 1525 384 1606 portavit,
396 1525 570 1608 rapuitque
585 1525 725 1607 insuper
739 1522 894 1590 custodia
907 1524 1059 1589 militum.
1103 1523 1202 1590 Cavit
1215 1524 1318 1589 etiam

228 1624 536 1703 Senatusconsulto,
561 1634 601 1690 ut
624 1625 741 1690 eodem
756 1624 845 1690 loci⁷
860 1623 895 1686 in
920 1629 1118 1708 perpetuum
1140 1624 1317 1690 condaem-

227 1731 300 1790 tur:
322 1725 427 1810 atque
438 1727 479 1791 ad
503 1745 637 1791 omnem
650 1732 685 1791 et
700 1726 775 1810 ejus
791 1730 824 1789 at
837 1723 1002 1790 luliarum
1020 1726 1214 1790 mentionem
1227 1723 1320 1808 inga-

227 1827 382 1904 miscem,
395 1826 604 1910 proclamare
620 1828 721 1892 etiam
737 1827 882 1904 solebat,

356 1923 415 1988 Alt’
431 1923 554 2001 doctor*
576 1923 689 2012 ἄγαμός
705 1926 733 1989 τ’
743 1925 862 2009 traaas?
876 1922 976 2010 ἄγονός
990 1927 1017 1988 τ’
1027 1923 1207 1990 devastetur?

259 2151 275 2186 t
294 2143 392 2194 Utinam
401 2146 439 2194 cel
448 2144 499 2195 aiae
506 2159 579 2196 neore
590 2143 734 2202 numm,
744 2145 781 2194 ael
788 2143 912 2207 perimam
922 2140 973 2192 aiae
983 2141 1073 2192 liberta.

692 2314 874 2338 mmmm

230 2434 262 2485 tl·
273 2431 537 2510 Canubprlcribur.
562 2434 647 2483 Nortr.
664 2435 718 2482 lect.
735 2440 821 2508 tamen
836 2437 944 2510 tuentu'r
959 2433 1049 2482 Burm.
1069 2432 1131 2482 ltro.
1143 2433 1204 2510 βίῃ.
1215 2435 1295 2512 wall.
1306 2451 1323 2486 a

229 2499 416 2610 tamt
427 2497 615 2625 ltztttrl:
625 2496 1238 2623 biwalt&utitaltttt:
1249 2499 1322 2612 gli:

231 2625 349 2675 Heriem.
360 2625 454 2692 Paria.⁴
463 2626 536 2674 Cart.
548 2632 575 2673 et
589 2624 656 2674 Edd.
666 2631 729 2674 ante
743 2623 893 2687 Grypb.-t
910 2623 1070 2687 leviandum
1082 2623 1159 2674 llalt.
1169 2627 1249 2675 Faue.
1265 2627 1323 2676 Me·

231 2688 284 2738 dic.
296 2693 318 2738 l.
330 2689 407 2736 Vind.
416 2693 440 2738 2.
451 2687 524 2738 Cort.
532 2688 598 2738 Edd.
608 2689 679 2738 Rom.
692 2703 730 2752 pr.
742 2688 809 2738 Bon.
819 2686 899 2751 lugd.
909 2687 983 2740 Juut.
991 2687 1051 2737 ald.
1062 2688 1152 2751 stapla.
1163 2689 1226 2752 Arg.
1238 2689 1322 2740 Paria.

230 2757 280 2801 -d
297 2751 429 2801 dehortari
444 2753 516 2801 Cart.
541 2751 605 2801 Mox
622 2752 781 2815 pertinentiam
798 2750 848 2800 Ed.
867 2753 989 2802 Rom-lt
1006 2752 1071 2801 Poat
1087 2753 1208 2815 inprecat.
1220 2752 1324 2802 addida·

231 2823 292 2866 rant
302 2820 338 2865 eat
349 2815 416 2864 Edd.
427 2816 500 2867 dunt.
518 2813 579 2864 ΑΜ.
595 2817 656 2864 Bac.
673 2817 761 2879 Steplr.
776 2821 803 2864 et
819 2822 931 2865 racentt.
965 2820 1039 2878 q.-d
1054 2815 1200 2877 Memorat
1216 2817 1322 2866 Menam.

231 2879 329 2930 Medic.
340 2883 364 2929 t.
374 2879 454 2928 Polit.
465 2877 541 2927 Vind.
554 2884 575 2928 1.
587 2893 617 2927 ae
629 2879 741 2942 plurimi,
754 2878 821 2954 qnod
835 2880 932 2940 placuit
971 2892 1025 2926 ren.
1043 2881 1180 2940 aeman
1192 2881 1289 2930 Medic.
1298 2885 1323 2930 ἱ.

232 2944 301 2993 Duu.
309 2944 418 3004 amuel
429 2945 492 2992 Exc.
501 2943 575 2990 Vera.
590 2943 814 2993 Maniliorum
823 2943 937 3007 Cep-t
954 2943 998 2993 Sic
1011 2943 1083 2993 Tcrr.
1096 2943 1204 2993 caune
1215 2951 1242 2994 et
1252 2959 1324 3008 seqq.

233 3007 380 3066 ediderunt,
391 3007 429 3057 uti
442 3013 515 3056 extat
535 3007 561 3055 ln
572 3007 677 3056 Mamm.
696 3007 774 3056 Polit.
786 3005 864 3055 Vind.
877 3014 996 3069 utroque,
1006 3005 1066 3070 cuj.
1077 3008 1152 3056 vcra.
1174 3007 1205 3056 ln
1216 3007 1326 3068 reliquia

233 3071 289 3120 loca.
303 3071 381 3120 Vind.
394 3074 416 3120 1.
426 3077 501 3120 caret
510 3071 561 3120 τοῖς
570 3071 596 3119 ia
605 3076 696 3134 perpet.
714 3077 742 3120 et
756 3071 780 3118 in
799 3069 874 3119 vind.
890 3074 915 3119 2.
932 3071 1134 3120 detinentem-8
1152 3069 1224 3120 Libri
1237 3069 1323 3133 rulgg.

167 3187 172 3194 ,
233 3135 263 3185 rt
271 3132 349 3200 plan,
359 3142 387 3185 at
399 3149 464 3184 uuna
475 3134 611 3186 Ma.Torr.
627 3133 730 3196 Ιμμινω.
749 3133 798 3184 Ed.
817 3133 928 3185 Froben.
944 3133 1032 3198 μὴνω,
1050 3140 1079 3183 ut
1092 3133 1118 3182 lu
1136 3133 1198 3184 trib.
1215 3132 1324 3184 codd.-

724 3321 832 3375 NO'l'AE

266 3457 278 3492 ⁴
297 3455 387 3514 Quota
403 3461 484 3517 atate,
502 3470 547 3520 qua
560 3453 665 3518 dmm]
682 3450 761 3502 Vide·
801 3449 885 3500 riorla.

236 3539 279 3582 tar
300 3532 338 3582 ibi
358 3531 488 3596 quidpiam
509 3531 603 3594 latere,
627 3529 695 3596 quod
718 3529 761 3580 aiii
833 3523 1012 3590 ‘Depraecatss
1029 3524 1208 3576 Hocetteom
1220 3536 1326 3576 conare·

236 3609 311 3657 aliter
332 3609 491 3671 conjiciunt:
510 3605 579 3657 lorte
600 3614 631 3657 ut
652 3605 761 3656 reacirat
803 3608 845 3651 tur
856 3601 955 3650 amoliri
967 3601 1023 3664 ejna
1037 3614 1135 3665 pmuaa.

236 3684 358 3748 pluresne
376 3698 408 3733 an
425 3683 616 3748 propioraque
631 3682 718 3738 iidem.
729 3697 762 3732 an
834 3677 890 3726 vla
900 3675 1012 3738 mma]
1028 3676 1187 3726 Planasiam:
1198 3673 1272 3722 bodie
1281 3671 1328 3723 Pl·

236 3759 291 3813 alii.
302 3773 371 3822 cepa
383 3759 423 3808 vei
435 3757 763 3820 meermadtrenqarque
801 3767 881 3814 maa,
898 3752 924 3801 in
938 3753 1001 3800 mari
1014 3749 1163 3814 Tyrrheno:
1182 3747 1288 3796 fueraut
1299 3755 1328 3796 et

237 3832 298 3881 iuda
318 3833 358 3882 vel
379 3833 436 3896 ajat
459 3838 549 3881 coenat
566 3830 704 3884 adulteros.
722 3829 762 3878 val
802 3827 861 3876 alia
872 3827 979 3877 nominis
991 3823 1211 3890 ejuadaminaulaa.
1229 3823 1327 3872 Notum

237 3907 317 3956 etiam
336 3915 421 3956 utrum
443 3920 525 3956 necne
542 3904 603 3968 qnid
625 3917 671 3966 pro
688 3903 763 3953 liber·
802 3910 842 3951 eat
859 3909 945 3953 autem
963 3902 1069 3965 vulgare
1084 3901 1163 3952 saitae
1184 3907 1327 3963 temporum

238 3989 294 4032 tata
305 3997 352 4032 aua
362 3982 504 4036 moliretur,
517 3979 655 4028 adiecerat.
800 3977 901 4026 illorum
914 3977 1076 4042 supplicium,
1085 3976 1112 4026 ln
1120 3975 1225 4026 insulam
1235 3973 1328 4040 depcr-

269 4064 280 4091 ⁸
298 4057 504 4119 lacaatimtm]
520 4055 552 4105 In
564 4053 685 4117 oppidum
695 4050 762 4102 libe·
802 4051 862 4114 tari,
881 4063 913 4099 ex
930 4049 1051 4102 Juvenali
1069 4051 1123 4100 Sat.
1138 4063 1158 4100 r.
1178 4049 1270 4099 ‘Ande
1282 4050 1328 4099 ali·

237 4131 419 4194 1luorum,ubi
431 4133 529 4182 inclara
537 4128 601 4180 luit:
613 4129 688 4179 bodie
698 4129 762 4190 Reg-
803 4126 863 4190 qnid
876 4124 996 4178 brevibus
1004 4125 1100 4191 onan
1113 4132 1141 4178 at
1157 4141 1260 4179 cucata
1271 4125 1329 4191 dip-

236 4209 278 4269 tto
290 4209 331 4258 rel
343 4200 444 4274 Rima,
460 4207 487 4257 iu
499 4220 545 4257 cra
555 4205 681 4257 Calabria
699 4203 763 4254 ulta·
803 4205 880 4261 uum:
893 4203 943 4254 &a
