3216 4918
317 417 384 482 llo
655 475 660 488 ,
747 431 777 480 e.
801 429 983 479 suuronrr

318 576 362 638 ab
376 577 529 656 Augusto
547 573 646 636 simul
667 589 741 636 cum
762 571 862 635 fratre
878 589 992 635 eorum
1008 571 1058 636 Μ.
1075 570 1247 655 Agrippe3
1269 579 1410 639 coactus

317 677 409 761 prius
424 677 508 757 ipse,
524 672 769 748 Germanicum,
785 671 892 736 fratris
907 673 983 736 sui’
1004 670 1121 747 filium,
1137 671 1308 755 adoptare.
1334 674 1409 738 Nec

317 778 495 859 quicquam
522 780 642 858 postea
670 794 731 858 pro
761 759 999 856 patrefamilias
1024 773 1103 854 egit,
1128 780 1188 837 aut
1212 773 1283 854 jus,
1316 775 1410 857 quod

318 874 548 958 [adoptione]⁵
571 876 800 953 emiserat,¹ex
815 875 883 939 ulle
898 881 993 957 perte
1008 874 1156 938 retinuit.
1202 873 1292 938 Nam
1301 895 1410 959 neque

317 978 464 1052 donavit,
486 997 596 1060 neque
624 977 830 1040 manumisit:
852 995 893 1040 ue
907 974 929 1032 ⁶.
943 976 1164 1040 hereditatem
1183 974 1327 1058 quidem,
1349 985 1411 1040 eut

317 1080 425 1160 legata
452 1079 603 1160 percepit
632 1076 702 1140 ulle
730 1078 835 1152 aliter,
865 1095 964 1160 quam
992 1083 1050 1140 ιιι7
1086 1075 1238 1159 ροοιι1ἰο“
1268 1075 1408 1140 referret

319 1185 483 1262 accepte!
527 1179 621 1242 Nihil
634 1197 678 1242 ex
702 1198 742 1242 eo
762 1185 909 1260 tempore
923 1177 1185 1261 praetermissum
1199 1182 1250 1241 est
1270 1176 1313 1240 ad
1338 1195 1410 1240 ma-

313 1280 471 1362 jestatem
481 1280 553 1363 ejus
568 1279 764 1359 augendam,
779 1297 819 1342 nc
834 1278 1068 1360 multomagis,
1085 1283 1271 1360 postquem,
1286 1275 1406 1360 Agrip·

319 1399 364 1462 pa
379 1379 563 1443 abdicato*
587 1387 689 1460 atque
710 1379 872 1461 seposito,
889 1383 1013 1441 certum
1034 1387 1116 1456 erut,
1131 1379 1189 1442 uni
1213 1395 1308 1458 spem
1333 1395 1410 1442 suc·

320 1479 483 1544 cessionis
505 1479 705 1544 incumbere.
749 1477 832 1563 [le]
855 1479 947 1543 Dete
968 1497 1081 1544 rursus
1102 1485 1251 1564 potestus
1266 1478 1408 1543 tribuni·

781 1655 962 1676 mum

319 1772 378 1820 loco
388 1770 457 1834 Aug.
468 1785 491 1820 c.
502 1775 542 1820 dt.
553 1785 628 1836 quem
641 1771 709 1827 vide,
726 1770 870 1832 corrigend.
889 1769 991 1833 putavit
1000 1771 1066 1820 utra
1076 1769 1204 1830 Maiam,
1221 1768 1314 1819 nullius
1323 1776 1408 1819 tamen

320 1834 385 1884 Cod.
398 1849 446 1896 cpe
458 1836 618 1897 sdjutus.-5
639 1837 695 1884 Non
707 1843 838 1898 comparet
851 1837 904 1884 ltaec
915 1849 965 1883 rex
977 1836 1001 1882 ln
1017 1835 1123 1882 Memm.
1136 1841 1245 1897 utroque
1256 1833 1341 1883 Pulm.
1352 1835 1409 1882 Me-

320 1897 370 1946 dic.
379 1901 403 1947 Β.
412 1903 437 1947 t.
449 1899 525 1948 Vind.
537 1908 623 1962 utroq.
635 1901 708 1948 Voss.
719 1899 790 1948 Cort.
808 1899 917 1959 Longol.
937 1899 1016 1947 Fouc.
1032 1899 1101 1948 Dnu.
1120 1897 1186 1946 Edd.
1199 1899 1272 1947 Rom.
1284 1897 1351 1946 nude
1363 1913 1410 1961 pro

320 1963 473 2024 glossemate
485 1963 561 2012 babet
572 1962 642 2012 Ond.
655 1975 681 2011 et
694 1964 764 2012 uncis
776 1961 880 2012 inclusit
889 1961 967 2012 Wolf.
978 1977 1052 2027 quem
1062 1963 1179 2026 seqnitur
1194 1962 1352 2025 Beuum-d
1366 1963 1410 2012 Sic

319 2026 346 2074 in
357 2025 390 2076 Ο.
400 2027 465 2076 Μιι.
475 2034 502 2076 et
514 2027 580 2076 lidd.
592 2034 651 2075 ente
664 2027 751 2076 Plant.
764 2026 873 2076 Cassub.
880 2039 951 2101 seqq.
963 2027 990 2075 in
1001 2025 1091 2088 quibus
1102 2041 1152 2075 nec.
1180 2025 1272 2074 Edidit
1281 2041 1353 2086 arque
1363 2041 1409 2074 suo

320 2104 391 2139 mors
401 2091 523 2142 Turn-l
536 2093 566 2140 ln
575 2107 625 2154 pec.
636 2091 661 2139 V
664 2091 716 2140 ind.
727 2095 751 2140 a.
763 2091 836 2140 Cort.
847 2099 876 2140 et
885 2091 951 2140 iulre
960 2091 1060 2154 speciem
1070 2091 1147 2140 solita
1158 2089 1300 2141 variatione
1312 2089 1409 2140 Medic.

812 2251 919 2303 NOTAE

321 2365 354 2414 de
366 2378 415 2414 uon
427 2365 556 2415 immerito
568 2367 683 2430 explicat
693 2367 725 2416 de
736 2365 846 2416 triennio
881 2363 960 2414 certis
983 2364 1133 2428 quibusdem
1155 2363 1249 2428 modis,
1265 2364 1299 2414 de
1315 2364 1407 2428 qulbus

322 2441 448 2490 a'l'ibsrii
459 2440 544 2491 reditu
555 2441 587 2489 sd
602 2443 714 2505 ipsorum
727 2451 846 2504 mortem,
881 2437 936 2490 fuse
949 2441 1131 2504 jureconsulti,
1146 2439 1306 2504 acquirebat,
1325 2455 1357 2489 es
1378 2439 1410 2488 fi·

321 2517 846 2579 nonsutemquasicsiunetlauciusCae·
882 2513 911 2564 lii
939 2517 1067 2579 peculium
1090 2516 1254 2576 dicebantnr3
1282 2515 1351 2564 aliud
1373 2515 1411 2563 nil

322 2603 392 2638 seres
401 2591 476 2638 trium
487 2603 608 2639 annornm
617 2591 701 2654 spatio
712 2593 765 2640 vttn
773 2590 847 2641 inne·
882 2591 1014 2654 proprium
1027 2591 1124 2641 babere
1137 2599 1255 2655 poterat:
1272 2589 1341 2640 unde
1352 2605 1412 2654 que

322 2673 363 2715 tos
384 2664 530 2727 significare
554 2668 671 2728 voluerit,
694 2681 758 2729 quos
780 2667 847 2730 Aug.
882 2665 987 2715 Tiberio
1002 2666 1184 2716 donationibus
1202 2674 1248 2717 tut
1264 2665 1411 2728 legatlsob·

322 2755 381 2804 cap.
403 2746 427 2790 ⁵.
445 2739 511 2788 dixit
533 2740 560 2788 in
575 2740 752 2802 duodeviginti
776 2757 847 2790 men·
884 2742 1033 2806 veniebant,
1042 2758 1091 2793 uon
1105 2751 1209 2808 poteret
1220 2743 1271 2793 elio
1280 2745 1339 2808 jnre
1350 2757 1409 2806 pos·

322 2816 386 2862 sium
397 2814 482 2876 sperio
495 2815 601 2876 periisse
619 2817 718 2878 umbos,
729 2831 779 2866 non
791 2820 846 2866 slus
882 2818 967 2868 sidere
987 2833 1062 2884 quam
1080 2820 1186 2881 peculii,
1206 2820 1282 2883 quest
1301 2820 1346 2868 ills
1363 2818 1412 2868 sibi

322 2889 468 2951 suspicione
479 2888 578 2939 fraudis
590 2905 605 2940 a
621 2893 695 2942 Liria
706 2899 733 2942 et
744 2909 759 2942 s
770 2894 846 2943 'libe-
884 2909 1007 2946 concesse
1018 2895 1130 2946 luissent
1140 2913 1156 2946 s
1168 2903 1242 2961 patre
1253 2911 1300 2946 suo
1312 2897 1412 2962 Angus-

323 2966 362 3013 riu
374 2962 461 3014 l'setoe.
884 2973 973 3033 to‚eui
985 2971 1098 3033 lpsssoll
1110 2973 1158 3021 boc
1169 2971 1413 3036 modaacquirebtt.

354 3041 644 3103 ‘Germusbssmfratrls
653 3045 703 3108 sus]
716 3046 804 3104 Drusi,
813 3045 847 3095 de
884 3059 935 3094 nou
946 3045 1005 3106 sibi,
1016 3059 1075 3095 cum
1086 3045 1263 3096 tiliusistnilits
1274 3054 1352 3097 esset.

322 3131 372 3180 qno
393 3131 472 3179 snpra
488 3131 547 3180 esp.
566 3121 590 3166 7.
618 3117 732 3182 Adoptio
749 3119 847 3168 becco
916 3129 926 3154 t
946 3121 1175 3184 Refer-retempta]
1192 3121 1222 3170 lu
1242 3124 1337 3172 tabulis
1353 3123 1413 3183 illis,

321 3190 395 3241 ferta
409 3193 525 3252 consilio,
543 3201 572 3241 nt
587 3195 702 3255 protinus
718 3195 762 3243 illa
777 3193 847 3245 iacta
884 3195 917 3244 da
929 3195 1020 3260 quibus
1031 3198 1142 3259 supraiu
1151 3197 1222 3248 Jnilo
1231 3211 1289 3261 cap.
1300 3201 1340 3248 tt.
1350 3199 1415 3247 mul·

322 3266 492 3316 Germanicus
505 3267 631 3331 inciperet
642 3268 753 3332 Augusti
765 3284 846 3333 nepos
885 3279 913 3319 ts
930 3280 1006 3321 eram
1023 3273 1122 3335 capita,
1140 3285 1163 3318 r.
1175 3285 1202 3333 g.
1219 3273 1413 3332 negotiationis,

323 3355 386 3391 esse.
422 3343 463 3391 De
483 3344 526 3392 ille
547 3345 698 3407 adoptione,
715 3359 761 3396 ssu
782 3347 846 3409 poti·
884 3343 1415 3410 ioeuoris,legatormn,haereditatum,dre.

323 3431 352 3466 ns
370 3417 542 3479 srrogstione,
558 3419 673 3468 meminit
683 3419 846 3470 Jnstinlanns
883 3419 964 3469 Simul
984 3420 1062 3482 igitur
1083 3426 1113 3469 nt
1130 3419 1294 3483 pecuniarum
1315 3421 1413 3483 sliquld

323 3493 364 3540 tit·
382 3493 415 3540 de
433 3492 623 3555 adoptionibus,
640 3497 654 3558 ς
672 3497 735 3546 illud
748 3499 848 3561 propri·
885 3501 1049 3556 acceperant.
1072 3494 1097 3542 in
1113 3499 1192 3556 caput
1212 3491 1260 3540 boc
1281 3494 1321 3541 rel
1339 3493 1413 3557 illud,

323 3581 374 3617 um.
884 3567 1146 3617 lmeestbnlerelilli
1158 3566 1412 3630 nomlnl,eceeptum

353 3645 361 3676 ⁸
375 3643 431 3704 das,
441 3645 503 3704 qnod
511 3642 635 3706 omiserat]
646 3647 710 3695 Cum
721 3647 788 3695 enim
801 3661 846 3698 an·
885 3643 1042 3694 referebant.
1064 3641 1336 3700 sternumentum.
1350 3661 1375 3709 g.
1386 3647 1413 3696 lu

323 3724 349 3766 te
360 3717 526 3782 adoptionem
545 3719 729 3782 paterfamilias
740 3729 809 3770 easet
819 3729 847 3770 et
883 3717 1063 3769 hereditatum
1071 3727 1151 3783 capnt
1161 3735 1168 3768 ι
1188 3719 1248 3768 irinc
1259 3733 1292 3769 ea
1306 3721 1413 3786 loquen-

322 3793 452 3857 suijuris,
479 3807 525 3857 per
542 3809 598 3844 eam
617 3795 792 3845 lilimt'amillss
819 3805 847 3844 et
884 3794 1291 3859 diretio,‘scceptuntreterre!
1320 3798 1413 3848 Cicero

322 3867 469 3931 alienojuri
480 3868 708 3933 subjeetustuctus
719 3879 783 3933 erat,
795 3885 847 3935 qus
884 3883 915 3919 ιι.
934 3869 1074 3935 Philippic.
1091 3872 1164 3936 ‘Ego
1178 3873 1248 3922 euim
1265 3875 1412 3924 sestertium

322 3943 347 3991 in
359 3944 508 3994 conditione
525 3947 608 3996 mults
625 3946 685 4008 sibi,
697 3949 773 3996 salsis
785 3948 848 4011 legl-
883 3947 1018 3999 ducenties
1024 3949 1217 4000 haereditatibs
1226 3957 1364 4014 occeptum
1374 3964 1414 3999 re·

321 4017 376 4080 bus,
387 4019 578 4072 conticebant:
596 4036 620 4069 v.
629 4036 655 4085 g.
664 4029 846 4090 testamentum
885 4022 950 4074 tull!

322 4095 443 4150 condere.
455 4097 605 4147 donationes
614 4096 711 4159 faeere,
721 4101 771 4147 dre.
917 4105 932 4131 '¹
948 4099 1058 4165 Agripps
1068 4100 1187 4164 abdicato]
1204 4100 1287 4164 Supra
1300 4100 1325 4150 lu
1343 4098 1409 4162 Aug.

354 4175 365 4198 ¹¹
381 4169 490 4234 Perelio]
509 4172 574 4222 Qnre
594 4173 660 4222 bona
677 4173 730 4222 tilio
744 4188 791 4224 suo
803 4190 847 4239 pa·
885 4191 908 4227 e.
918 4179 959 4225 tlt.

321 4243 847 4314 terlumlliesonnoedsbstantlpsefilins
