3228 4914
692 361 880 412 risnnrus.
939 445 940 448 Ἴ
1277 349 1341 414 505

258 501 344 581 Ques
368 504 486 589 primo,
508 465 608 587 qnasi
630 506 672 570 ab
695 504 946 589 impatientibus
960 505 1204 582 remediorum·
1219 525 1258 571 ac
1274 521 1341 572 non

257 614 326 668 tam
341 605 502 670 exanimi
524 607 699 684 sententia,
714 625 815 690 quam
833 607 900 672 bile
917 613 951 670 et
970 608 1166 683 stomacho,5
1187 608 1343 690 lingeren-

256 711 330 783 tur,³
345 706 478 770 volebat
492 707 601 790 accipi
614 726 624 787 ;
645 707 846 792 dicebatque
861 708 1063 772 identidem:
1084 708 1255 786 ‘Oderint
1265 709 1342 774 dum

256 805 416 888 probent!
469 807 587 886 Dein,4
612 827 693 873 vera
720 809 820 892 plane
851 815 1006 892 certaque
1034 827 1124 886 esse,
1158 810 1231 892 ipse
1264 809 1344 876 lecit

256 904 367 970 fidem.
409 906 492 991 [eu]
515 907 555 971 lo
570 909 688 991 paucis
703 908 842 987 diebus,¹
864 929 965 992 quarn
979 909 1125 993 Capreas
1140 910 1259 992 attigit,
1276 913 1344 995 pis·
1447 987 1451 996 .

256 1009 374 1083 calori,
390 1009 447 1092 qni
469 1009 534 1072 sibi
555 1015 720 1075 secretum
739 1012 847 1093 agenti
862 1011 1018 1093 grandem
1034 1009 1168 1112 mulium
1179 1017 1215 1057 ⁵⁸
1235 1011 1345 1096 inopi·

256 1116 370 1173 uenter
384 1110 563 1188 obtulerat,
578 1111 751 1194 perfricari
766 1111 882 1177 eodem
897 1113 992 1195 pisce
1005 1111 1126 1176 faciem
1149 1111 1268 1195 jussit,
1284 1120 1345 1179 ter·

255 1209 350 1288 ritus,
365 1211 456 1294 quod
471 1212 502 1276 is
516 1231 537 1275 a
552 1220 643 1296 tergo
657 1215 775 1280 insuiae
790 1235 850 1299 per
865 1233 985 1298 aspera
998 1220 1032 1280 et
1045 1215 1141 1281 devia
1161 1215 1346 1300 erepsisset

258 1308 302 1373 ad
317 1329 364 1374 se.
408 1312 597 1378 Gratulanti
613 1319 722 1379 autern
736 1315 818 1380 inter
837 1333 985 1398 poenam,
1002 1316 1091 1400 quod
1106 1336 1172 1381 non
1187 1323 1220 1382 et
1234 1318 1346 1382 locus·

258 1410 372 1489 tem,⁶¹’
396 1432 496 1496 qnam
511 1417 731 1498 praegrandem
756 1423 902 1500 ceperat,
916 1419 1103 1495 obtulisset,
1117 1419 1248 1484 locusta
1263 1437 1344 1502 quo-

712 1593 892 1615 uoeouenu

259 1704 317 1767 Coj.
349 1706 413 1754 Turn
430 1720 483 1770 pere
498 1723 515 1757 e
529 1722 568 1769 pr.
589 1707 686 1758 Medic.
700 1713 723 1757 i.
738 1713 812 1759 s.-e
828 1710 890 1773 lurp.
910 1709 994 1758 ilorsae
1013 1708 1111 1758 miniati
1129 1709 1194 1758 Van.
1205 1713 1230 1758 i.
1241 1714 1265 1760 t.
1286 1711 1348 1760 Bss.

259 1769 341 1832 Lugd.
352 1770 424 1820 ert.
436 1771 496 1820 ΑΜ.
508 1771 609 1835 Gryplr.
623 1773 679 1822 Coi.
697 1775 787 1823 Pisnt.
803 1773 901 1824 Scirild.
912 1777 961 1824 ac.
978 1773 1061 1822 Romo
1070 1772 1160 1822 danim
1170 1773 1235 1824 Ven.
1246 1778 1270 1822 l.
1280 1775 1346 1826 Bon.

257 1847 340 1897 marg.
349 1834 409 1883 Bes.
415 1835 470 1898 irrep.
479 1836 575 1900 domiui,
586 1837 678 1886 omisso
685 1837 774 1893 Rama,
785 1847 836 1887 tres
846 1839 919 1888 Torr.
931 1839 1011 1887 Fons.
1025 1837 1138 1886 Heriem.
1148 1838 1197 1887 Ed.
1209 1839 1282 1889 Rom.
1295 1853 1347 1891 sec.

257 1898 315 1961 irrep.
325 1899 451 1947 remedietur
464 1899 519 1948 Pal.
532 1907 595 1962 tres,
606 1901 711 1951 Mernm.
722 1903 791 1953 Dan.
802 1902 883 1952 Viud.
894 1908 917 1952 l.
931 1901 1176 1964 metropolitem.
1186 1902 1348 1966 Vosnmerg.

260 1961 321 2011 Bae.
333 1977 371 2024 pr.
382 1968 409 2010 et
419 1976 486 2011 rnen.
502 1963 573 2013 doct.
585 1965 617 2012 ed
629 1979 708 2027 marg.
720 1965 769 2014 Ed.
779 1965 840 2015 Seis.
848 1966 947 2028 Gryph.
957 1964 1024 2014 nude
1035 1973 1202 2026 reposuerunt
1213 1966 1270 2016 VV.
1282 1968 1347 2016 DD.

259 2035 391 2087 receptare
400 2027 460 2074 ieci.
478 2026 566 2076 Burni.
577 2028 669 2078 suadet
677 2029 752 2077 emis
762 2031 868 2089 remedii,
880 2044 937 2093 quse
949 2029 1040 2078 ultima
1050 2043 1099 2077 sorr
1110 2038 1149 2078 est
1158 2029 1185 2077 in
1198 2029 1246 2082 Ed.
1257 2030 1347 2092 steph.

258 2092 307 2137 -t
325 2089 408 2145 Quat
420 2089 443 2137 i.
456 2089 513 2138 Psi.
525 2093 548 2140 s.
566 2106 604 2154 pe.
614 2097 641 2140 et
650 2091 673 2141 b.
684 2107 705 2142 e.
716 2105 736 2141 e.
750 2091 911 2152 surgeretis
929 2093 987 2142 Pei.
999 2096 1022 2143 l.
1039 2099 1066 2141 et
1078 2093 1153 2154 serg.
1164 2095 1241 2141 etiem
1251 2092 1349 2142 hebent

260 2152 325 2213 Cep.
337 2153 453 2201 Heriem.
465 2153 532 2204 unde
549 2155 616 2218 conj.
636 2155 904 2214 Burrussrrsdereeter,
919 2163 946 2206 et
958 2170 1016 2207 mox
1034 2157 1139 2218 proderit
1155 2169 1180 2203 v.
1197 2156 1274 2216 presit
1293 2158 1348 2206 sies

257 2215 413 2278 prodent-4
429 2218 471 2266 Sis
483 2218 546 2266 Mss.
558 2220 644 2280 piures
654 2227 681 2268 et
692 2230 747 2281 opt.
780 2218 866 2283 Vulgo
876 2221 968 2270 deinde.
999 2221 1093 2269 Esurist
1103 2234 1153 2269 sese
1163 2235 1178 2269 s
1188 2213 1269 2270 vind‘.
1278 2224 1302 2270 l.
1317 2235 1348 2270 ec

261 2279 395 2342 supradito
407 2281 506 2329 fastidit
518 2282 575 2331 Pei.
585 2287 659 2332 e.-⁵
676 2285 720 2332 De
738 2297 809 2333 mors
824 2286 912 2332 misse
930 2282 1028 2334 Medic.
1041 2288 1064 2333 l.
1075 2283 1153 2334 Vind.
1164 2287 1187 2332 il.
1198 2284 1270 2334 Curt.
1280 2285 1348 2334 Edd.

261 2342 336 2394 vett.
346 2359 405 2392 mox
416 2347 495 2394 endere
503 2346 580 2396 Viud.
595 2351 619 2396 1.
632 2348 742 2410 repeissst
753 2347 851 2397 Medic.
862 2354 884 2398 i.
893 2353 917 2398 3.
926 2347 1041 2412 Cup-tl
1051 2347 1145 2398 seur.
1157 2347 1263 2398 Merum.
1283 2349 1348 2398 Tsrru

259 2411 386 2470 papend-
400 2409 426 2458 in
443 2418 552 2475 utroque
564 2409 640 2460 Viud.
652 2412 725 2462 cort.
735 2410 820 2463 Peris.
839 2411 956 2463 Heriem.
968 2410 1035 2463 Edd.
1045 2412 1119 2462 Rom.
1129 2411 1195 2461 Vsu.
1205 2411 1277 2462 Med.
1288 2413 1349 2466 Sub.

713 2612 716 2617 .
750 2573 859 2625 NOTIE

262 2674 337 2717 uetus
356 2675 398 2718 est
412 2667 490 2719 ielis:
506 2667 551 2719 sed
569 2666 706 2718 Romulum
725 2669 785 2718 eilo-
827 2668 951 2720 Horatius
971 2669 1025 2718 Set.
1046 2673 1070 2718 t.
1099 2667 1145 2718 lib.
1166 2680 1200 2718 rr.
1232 2681 1269 2716 ss.
1289 2670 1348 2723 rso.

262 2757 341 2806 quens
363 2743 482 2794 carminis
500 2751 600 2800 ructor,
619 2743 715 2808 Syiiem
735 2743 784 2793 siiri
827 2745 947 2794 ‘tentum
965 2741 1096 2794 maledicit
1110 2743 1220 2807 utrique,
1236 2743 1370 2792 recensio.

262 2819 306 2868 nni
317 2817 419 2870 felicem
432 2817 510 2868 inisse
521 2819 593 2874 dicit,
609 2832 659 2867 nun
676 2819 721 2876 iiii,
738 2819 786 2868 lroc
826 2821 902 2872 Hanc
912 2819 1014 2883 iuriam,
1024 2822 1091 2870 hunc
1100 2819 1182 2884 eliud,
1193 2819 1272 2883 jussit
1282 2819 1350 2883 quod

262 2899 304 2942 est
323 2893 389 2944 Urbi
406 2893 506 2955 Romus,
524 2901 614 2955 utpote
633 2907 709 2958 quem
728 2906 786 2957 pro·
826 2896 960 2959 splendide
978 2895 1053 2951 bilis,’
1069 2899 1118 2944 dec.
1150 2895 1287 2944 Terentiae
1298 2895 1350 2942 Eu·

263 2971 431 3032 scriptionum
453 2970 577 3034 creditus,
597 2979 626 3020 et
641 2973 786 3022 omnimoda
825 2970 909 3020 nocio
929 2975 982 3021 eet.
999 2982 1031 3019 rr.
1051 2983 1120 3018 seem
1139 2972 1163 3018 t.
1184 2972 1274 3018 ensi.
1299 2968 1351 3018 ‘Id

263 3044 418 3094 crudelitete
431 3053 585 3096 smteserst.
616 3047 713 3096 Horum
726 3061 788 3113 qne·
826 3045 944 3111 equidem
954 3044 1092 3095 adveniens
1101 3058 1200 3094 mecum
1212 3045 1351 3095 stomscira·

264 3129 323 3171 tuor
333 3120 461 3171 hominnm
474 3122 599 3184 exenrpiis
612 3123 662 3171 tris
672 3124 726 3172 lisso
735 3123 787 3173 dis·
827 3123 874 3171 ber
885 3121 978 3171 modu-³
1009 3121 1094 3183 Super
1104 3120 1152 3168 isso
1165 3133 1192 3169 re
1205 3121 1276 3182 plura
1286 3121 1352 3170 'iur-

264 3197 334 3246 ilcirs
345 3195 464 3259 probent,
475 3210 548 3259 quem
559 3198 729 3260 periculosum
746 3199 789 3260 eit,
829 3197 928 3245 rectius
946 3194 979 3243 sd
997 3193 1073 3266 Qden
1085 3198 1124 3244 1s.
1142 3195 1185 3244 iib.
1197 3209 1217 3245 ι.
1240 3195 1350 3260 Horatii,

265 3287 322 3323 curn
344 3273 387 3338 qui
405 3271 525 3333 esulsrlt,
536 3285 581 3321 seu
602 3273 690 3336 pulsus
708 3289 789 3339 quon·
829 3272 871 3321 ubi
890 3271 964 3334 liujus
975 3270 1097 3334 loquendi
1108 3269 1177 3320 modi
1189 3271 1301 3323 rationes
1313 3272 1351 3322 in·

266 3348 425 3411 demiserit,
442 3349 597 3410 superiorem
615 3346 679 3398 tisri.
712 3350 789 3401 Quod
829 3347 947 3409 vestiget.

266 3425 298 3474 de
309 3426 380 3490 sylis
391 3431 417 3473 et
425 3423 510 3474 Mario
521 3423 585 3474 setis
593 3437 720 3489 superque
728 3441 790 3476 con·
860 3422 912 3471 ¹ire
921 3419 1002 3484 poscis
1010 3420 1104 3484 Mose]
1120 3421 1236 3471 Insciens
1248 3421 1351 3485 loquen-

265 3501 369 3550 firment
385 3499 539 3548 Plutarchus
556 3500 583 3548 in
600 3501 789 3564 Sylla,i.isius,
829 3497 933 3548 diretio
951 3497 1282 3560 propeseiedieirrsesprro.
1314 3494 1351 3543 Si·

266 3577 365 3632 Fiorns,
386 3579 435 3626 iso.
467 3574 563 3624 'liberii
584 3583 670 3625 eutem
686 3577 789 3626 exiiinrn
829 3573 889 3623 mile
901 3573 962 3637 quid
973 3587 1007 3622 ex
1019 3571 1128 3646 Horatio
1138 3571 1290 3621 Torrentius
1307 3582 1352 3618 no·

266 3649 315 3699 init
338 3663 454 3700 essemus
471 3650 528 3712 ejsrs
550 3650 576 3699 in
596 3651 704 3701 insulem
722 3651 790 3700 Riro·
830 3648 1018 3713 tat,‘qnlnque
1032 3645 1122 3696 diebus
1156 3682 1163 3696 .
1195 3677 1202 3694 .
1236 3680 1244 3696 .
1276 3678 1284 3695 .
1316 3645 1354 3694 nii

266 3725 342 3774 dnm:
363 3739 442 3788 snpra
453 3739 512 3788 cap.
523 3729 563 3773 li.
829 3731 887 3775 eret
898 3724 924 3772 iu
935 3722 1041 3772 loculis!
1068 3724 1123 3770 Sat.
1133 3725 1158 3770 8.
1176 3720 1221 3771 lib.
1234 3733 1254 3772 ι.
1266 3734 1303 3770 ss.
1313 3723 1352 3770 17.

298 3809 311 3834 ¹
328 3801 455 3863 Regesiit,
469 3799 523 3863 sa]
541 3799 616 3849 Hunc
628 3800 695 3849 enirn
707 3801 790 3850 inimi·
862 3812 874 3838 ⁸
890 3800 1003 3862 Melissa]
1017 3799 1099 3861 Supra
1108 3813 1164 3862 esp.
1175 3802 1215 3848 ti.

267 3877 342 3926 citios
364 3875 521 3926 contraxisse
552 3875 645 3923 nrrritss
666 3879 792 3938 oportuit,
861 3875 1023 3938 bincretam]
1048 3871 1353 3923 Aristoteleslib.rs.ds

269 3967 331 4016 ques
347 3949 505 4015 postmodum
528 3950 668 3999 crudeliter
689 3953 788 4002 ulcisci·
830 3951 948 4002 Historia
964 3949 1117 3999 Animsiinm
1135 3962 1193 4012 csp.
1208 3952 1232 3997 ².
1250 3947 1354 4012 ripense

268 4036 320 4078 tur.
829 4025 1270 4091 appellet.sorumquepieciumqni
1282 4024 1353 4073 nielli

300 4113 310 4148 r
328 4103 383 4152 Bits
400 4105 423 4150 et
440 4099 568 4163 museto]
587 4100 684 4151 Notum
703 4110 743 4151 est
762 4116 790 4151 u·
830 4109 917 4152 erneis
935 4094 1085 4163 integuntur
1101 4098 1210 4161 primurn
1224 4112 1304 4161 genoe
1315 4097 1353 4146 is-

270 4186 387 4244 trumqne
416 4190 462 4240 pru
497 4175 672 4240 indignatione
698 4179 789 4242 sculpi.
831 4178 875 4228 cit.
908 4173 1008 4226 Plinius
1020 4187 1121 4239 quoque
1138 4173 1183 4227 lib.
1194 4187 1234 4224 rx.
1245 4187 1301 4238 osp.
1311 4175 1352 4222 stt.
