3228 4926
251 357 253 362 ⁵
301 382 366 450 286
732 399 764 446 c.
787 396 964 448 suunourr

302 539 568 610 Coiircitioueml
593 540 628 604 in
654 542 859 618 histrionesi’
883 541 1132 624 magistratibus
1149 544 1184 608 in
1207 545 1298 609 omni
1313 552 1397 611 iem-

304 663 386 726 pore
399 649 434 708 ei
454 643 529 706 ioco
550 643 623 725 iege
647 651 759 708 vetere
783 644 990 726 permissam,
1015 645 1152 722 ademit,
1175 653 1398 731 preterquam

304 745 392 809 ludis
407 751 600 810 ιιιιιιιθιιιιθ(1
635 745 719 826 ,Nec
746 755 858 810 tomen
884 764 924 809 oo
949 747 1058 810 miuus
1089 755 1149 810 out
1172 748 1400 831 xysticorum¹

305 845 514 923 certationes,
540 851 599 911 eut
624 846 842 928 gladiatorum
868 866 1009 930 pugnos,
1034 848 1241 914 severissime
1270 869 1400 932 semper

756 1059 937 1080 WNMO

303 1205 445 1256 eoiriiotrem
463 1205 569 1256 Merum.
585 1205 682 1256 Medic.
698 1209 721 1256 1.
738 1205 816 1255 vinu.
828 1211 851 1254 1.
869 1205 985 1255 Heriem.
998 1205 1081 1254 Perie·
1094 1205 1149 1267 cij.
1163 1205 1228 1253 Edd.
1242 1205 1316 1256 Rom.
1327 1212 1354 1254 ei
1364 1206 1400 1256 0.

306 1271 381 1320 Vati.
391 1285 470 1334 utque
481 1269 513 1319 ad
526 1272 586 1319 But.
595 1281 621 1318 et
634 1272 723 1333 Stepir.
757 1271 821 1318 'i'unt
832 1270 984 1320 histrionibus
996 1270 1070 1319 linia.
1082 1277 1108 1318 et
1122 1283 1169 1318 rou
1181 1271 1207 1318 irr
1217 1271 1304 1318 exulat
1316 1285 1330 1318 n
1343 1271 1400 1320 Me·

307 1335 386 1384 dieela
397 1335 502 1383 Memm.
514 1335 572 1398 Cuj.
583 1333 660 1383 Vind.
672 1339 694 1384 1.
707 1333 773 1384 Edd.
783 1334 856 1383 Med.
868 1335 941 1382 Ceid.
975 1335 1108 1384 Praeterea
1120 1335 1189 1394 lorge
1199 1347 1243 1395 pro
1254 1335 1302 1384 loon
1314 1335 1399 1384 Perta.

307 1399 374 1462 Cop.
385 1398 481 1448 Medic.
492 1399 608 1447 trvtnd.
616 1402 641 1448 2.
650 1398 720 1447 Cori.
733 1399 800 1446 Duo·
810 1405 837 1446 et
847 1397 913 1447 Edd.
923 1399 995 1446 Veii.
1004 1398 1128 1461 plurime,
1140 1397 1218 1445 etiarn
1227 1397 1289 1447 Seb.
1299 1398 1399 1461 Grypir.

307 1469 336 1512 at
349 1463 455 1512 nte—9
471 1462 513 1511 ita
523 1461 709 1512 emendandum
721 1463 821 1512 censuit
833 1462 903 1524 Lipa.
916 1461 948 1510 ad
958 1463 1020 1512 Tae.
1039 1461 1107 1512 Anu.
1119 1475 1138 1512 ι.
1152 1465 1192 1510 Π.
1209 1460 1311 1512 furente
1324 1464 1400 1512 unico

306 1527 364 1574 eod.
375 1526 681 1583 Ursini,arrentientibua
695 1527 768 1576 Torr.
786 1526 896 1574 Ceaanb.
912 1526 989 1576 Grnt.
1009 1528 1069 1574 Ern.
1081 1533 1109 1574 et
1126 1526 1263 1588 pierieqne.
1288 1527 1400 1575 Caaanb.

308 1590 388 1638 errarit
399 1591 477 1638 etium
486 1595 575 1652 preter
582 1591 648 1638 luder
657 1596 680 1639 et
690 1605 724 1638 rc.
737 1591 827 1638 Burin.
844 1597 1000 1654 preterquam
1010 1605 1053 1652 prr
1063 1590 1129 1638 iudea
1139 1594 1161 1637 et
1173 1603 1205 1636 ec.
1217 1590 1298 1639 Gron.
1313 1596 1401 1652 preter

307 1668 360 1714 que
371 1653 396 1701 t'rt
405 1653 504 1702 Moeri
513 1669 547 1702 ar.
566 1653 636 1703 Oud.
650 1659 806 1716 preterquam
819 1653 845 1702 ia
860 1655 925 1702 ludos
936 1660 959 1702 et
970 1669 1004 1701 ar.
1015 1662 1042 1702 ιιι
1055 1663 1094 1700 eat
1107 1654 1131 1700 in
1143 1653 1220 1702 Vind.
1238 1657 1261 1702 i.
1274 1655 1336 1702 etin
1349 1667 1400 1703 uno

308 1717 373 1766 libro
385 1717 510 1781 reperiare
526 1731 564 1780 ee,
574 1713 747 1766 affirmuverut
760 1717 815 1780 Jam
829 1718 904 1768 Torr.
937 1718 1023 1780 Vulgo
1040 1722 1197 1780 preterquam
1213 1717 1279 1766 ludat
1296 1722 1319 1767 et
1335 1733 1401 1767 ac·-

807 1913 915 1963 NOTAE

309 2037 445 2102 uictumae
465 2038 544 2087 ritum
564 2040 719 2104 suppliciter
735 2051 837 2106 perena,
877 2041 967 2090 melina
987 2049 1074 2091 certe:
1102 2039 1308 2104 ‘preterquam'
1333 2039 1400 2089 enim

310 2113 429 2162 benerei
449 2128 465 2162 a
482 2115 586 2177 populo,
597 2117 637 2164 rei
654 2116 687 2166 ab
699 2117 837 2180 editore,e
877 2116 1027 2167 adverbium
1038 2125 1087 2180 ret,
1101 2130 1149 2165 non
1161 2117 1318 2179 preponito.
1349 2115 1401 2166 Sed

312 2204 419 2254 quornm
431 2197 496 2240 nuto
505 2197 559 2239 tota
570 2191 700 2252 pendebat
708 2193 765 2255 ejua
774 2194 837 2252 uita,
878 2191 989 2241 omnium
1001 2193 1098 2254 optime
1117 2191 1180 2240 ludia
1193 2196 1216 2240 et
1237 2206 1317 2254 meno,
1333 2191 1400 2254 quod

311 2265 475 2330 impetraret,
485 2266 535 2316 hoo
552 2266 628 2316 modo
643 2267 782 2332 impetrata
795 2281 837 2317 re·
876 2269 950 2330 ionga
969 2267 1061 2316 ciariue
1073 2273 1122 2328 ert,
1134 2274 1162 2317 et
1174 2265 1313 2329 prefertur
1323 2267 1401 2315 etiam

311 2342 364 2404 niu,
386 2341 472 2392 miralo
503 2341 657 2393 dicebatur:
683 2344 761 2405 igitur
782 2345 837 2394 aine
878 2341 1343 2405 aceruubono,quiaadoetiaritie
1362 2355 1402 2389 re·

311 2417 432 2467 minine
441 2433 565 2482 pugnum,
577 2418 608 2468 ad
622 2433 711 2470 necem
722 2433 837 2484 pugnare
877 2425 979 2481 perium
992 2417 1028 2468 ait
1049 2416 1074 2466 in
1097 2417 1160 2466 ilina.
1202 2415 1274 2466 Idem
1298 2416 1402 2478 Lipairre

312 2493 529 2556 munierint-,123
548 2495 684 2544 mittuntur
694 2497 762 2546 eninr
781 2504 837 2546 tau·
877 2493 1026 2556 conjecerat
1039 2492 1070 2541 ad
1080 2491 1257 2554 ruprudictnrn
1269 2490 1351 2540 Taciti
1365 2491 1401 2538 io·

313 2573 366 2615 tum
379 2566 441 2616 uicti
452 2575 481 2616 et
497 2568 561 2630 ioeai,
574 2583 605 2618 ao
625 2569 650 2618 iu
668 2584 726 2619 eum
744 2571 837 2620 roium·
877 2582 945 2628 cunr,
962 2574 990 2618 et
1011 2579 1103 2616 revera
1124 2566 1250 2616 Gruterur
1266 2563 1292 2614 iu
1316 2563 1403 2614 Ursini

312 2642 388 2694 modo
400 2643 477 2694 diem.
494 2644 570 2694 Unde
583 2647 838 2707 putetmuitnmeare
878 2643 968 2694 codiee
985 2651 1076 2692 extare
1099 2650 1220 2692 testatur.
1263 2640 1321 2690 Vox
1342 2641 1404 2690 ludia

312 2718 466 2768 dieeriminir
475 2719 617 2768 missionem
628 2721 839 2784 interetrudem,
879 2717 991 2768 refertur
1013 2719 1045 2768 ad
1065 2732 1150 2770 uocem
1171 2723 1282 2782 tmpore,
1304 2717 1403 2766 reiiicet

313 2793 368 2842 bec
378 2796 476 2857 qnippe
488 2802 515 2844 et
533 2795 558 2843 in
575 2803 729 2858 perpetuum
746 2811 837 2848 eonce-
879 2794 1006 2858 ludorum,
1018 2801 1046 2844 ut
1063 2808 1132 2844 arere
1143 2793 1175 2842 ed
1191 2793 1297 2842 uerbum
1308 2794 1366 2852 loeo,
1376 2797 1405 2842 ui

316 2867 396 2929 ditur,
405 2873 433 2918 et
449 2869 534 2932 potiuu
547 2869 580 2918 ad
593 2869 704 2920 vietoreu
716 2873 840 2934 pertinet,
879 2870 923 2919 ubi
936 2869 1131 2933 percurruntur
1144 2870 1307 2931 punirentur,
1317 2881 1405 2931 quem·

315 2941 358 3006 qni
380 2942 487 3005 portbae
508 2943 614 2994 rudiarii
632 2946 839 3011 appellabantur,
879 2943 1015 2994 admodum
1027 2943 1062 2994 ait
1075 2942 1138 2992 ibid.
1155 2942 1266 3005 iipaiuo.
1300 2942 1404 2992 videet

315 3026 344 3067 ιιι
356 3017 382 3067 in
393 3018 450 3068 Tib.
463 3032 521 3080 cap.
532 3021 556 3069 7.
565 3022 615 3069 ero.
879 3019 897 3068 1.
910 3033 956 3068 ιιι.
972 3019 1037 3069 Cod.
1054 3017 1087 3066 de
1098 3017 1262 3081 epectaeuiit.

346 3093 545 3142 ncotreittmn
571 3093 597 3141 ie
616 3094 753 3160 intrim]
779 3097 839 3148 Hoc
911 3092 1104 3158 rxprrtcrrum]
1132 3093 1273 3144 Plriiander
1299 3101 1405 3143 annote-

314 3169 400 3233 eatjue
410 3170 625 3235 virgarumquod
635 3179 841 3235 pratorumerat
880 3171 992 3220 tionibur
1007 3172 1033 3220 in
1053 3171 1199 3220 Vitruvium
1216 3170 1268 3220 ait:
1290 3169 1406 3234 ‘Xyrtou

315 3254 385 3305 ante,
404 3251 432 3294 et
449 3244 571 3305 edilium,
592 3253 683 3310 utpote
708 3248 842 3310 maginra-
880 3245 964 3296 Latini
986 3254 1080 3298 vorant
1106 3247 1221 3310 portien·
1244 3253 1340 3307 tectae,
1362 3245 1405 3294 ubl

314 3330 387 3370 tuum
398 3319 431 3369 ad
441 3335 505 3383 quoe
517 3322 640 3385 imprimit
653 3323 770 3374 ludorum
780 3338 841 3374 cora
880 3323 985 3372 atbieta
1002 3335 1049 3385 per
1066 3322 1184 3384 hyemem
1195 3321 1384 3371 exercebantur
1397 3337 1404 3368 ι

316 3395 474 3458 pertinebat.
515 3396 588 3446 idern
606 3405 698 3459 postea
715 3407 841 3450 uirtutum
879 3407 956 3461 xystu
967 3409 1053 3448 antem
1065 3398 1195 3448 eubdiaiee
1206 3397 1405 3457 ambulationes,

315 3475 366 3530 eei,
383 3471 526 3532 imperante
545 3471 657 3532 Tiberio,
672 3482 743 3522 mota
762 3489 841 3538 rtrper
880 3473 923 3522 ubi
942 3473 1006 3522 audo
1023 3473 1089 3522 ooeio
1105 3487 1163 3522 unm
1182 3472 1338 3522 exercebunt
1360 3485 1406 3533 pa·

316 3544 407 3594 erdem
424 3558 452 3594 re
469 3545 654 3602 controversie,
670 3547 739 3610 quie,
756 3547 841 3611 inquit
881 3548 999 3600 ierim!
1033 3551 1108 3600 Unde
1129 3559 1201 3614 patet
1212 3563 1300 3600 uocem
1315 3556 1406 3612 xyutue

315 3618 400 3670 Tacit.
423 3619 517 3670 Annei·
536 3635 555 3672 r.
578 3635 601 3670 e·
619 3625 660 3672 Π.
686 3621 841 3686 ‘Augurina
880 3623 1094 3686 inmaneuiiuo,et
1106 3633 1206 3689 uyeturn
1220 3625 1244 3674 iu
1255 3632 1348 3674 neutro
1361 3640 1406 3687 ge·

316 3695 443 3746 immunes
454 3695 587 3746 verberum
605 3696 750 3748 iiiatrioner
761 3713 841 3763 quon·
880 3711 953 3754 nere.
965 3697 1066 3748 diuerra
1074 3700 1221 3763 significare
1233 3718 1239 3750 r
1258 3714 1404 3765 quanquam

317 3772 375 3823 darn
392 3771 579 3837 responderat:
595 3775 645 3824 dre.
678 3774 840 3826 iiiutriounm
881 3773 1071 3826 Greeieueeua
1088 3777 1130 3828 rit.
1162 3777 1248 3827 Plinio
1268 3776 1315 3828 iib.
1328 3789 1355 3828 r.
1372 3778 1405 3826 E·

317 3855 403 3898 autem
424 3849 545 3911 generale
560 3862 652 3899 nomen
670 3858 709 3899 eat
729 3850 841 3902 omnium
882 3852 941 3914 piat.
949 3856 975 3900 o.
985 3851 1052 3902 idem
1064 3861 1104 3902 ert
1116 3853 1124 3882 ‘
1134 3852 1241 3917 tyerno?
1253 3854 1321 3917 qnod
1333 3853 1406 3904 nobie

316 3922 733 3990 scenicorum,uriu‹ttonum,qui
751 3925 841 3976 etim·
878 3933 1001 3990 perterre.-
1029 3929 1064 3977 uit
1090 3928 1157 3976 enim
1179 3935 1257 3979 ‘anta
1277 3930 1405 3990 porticum

318 3997 352 4046 dii
364 3997 524 4061 dicebantur,
536 4013 625 4049 eorum
637 4000 680 4064 qni
690 3999 770 4064 mimi,
782 4015 841 4064 pen·
880 4010 969 4066 :petua
986 4003 1102 4053 conclaue
1120 4003 1147 4052 in
1166 4003 1289 4066 plurium
1305 4003 1406 4066 rpeeier

319 4072 425 4134 remini,
436 4073 585 4136 archimimi,
595 4076 717 4138 ethologi
728 4079 776 4126 &o
881 4079 1066 4143 dimitteturque
1076 4079 1161 4142 bnao,'
1169 4083 1218 4128 tito.
1251 4079 1356 4129 viderie
1362 4079 1407 4128 Vi·

350 4154 363 4186 a
380 4145 456 4194 notu
477 4153 501 4196 et
519 4164 590 4198 arene
607 4151 682 4213 [ludit
696 4154 719 4199 ei
736 4151 841 4214 man]
882 4153 994 4203 trurinm
1013 4153 1057 4202 lib.
1068 4167 1093 4204 u.
1109 4168 1133 4204 e.
1155 4157 1194 4204 ii.
1215 4161 1244 4205 et
1259 4155 1303 4204 lib.
1319 4169 1357 4206 rr.
1380 4167 1404 4204 e.

317 4219 467 4270 Torrentius
478 4223 540 4284 legit
552 4223 578 4271 in
591 4239 640 4273 uno
656 4225 719 4274 libro
729 4225 755 4274 ia
767 4227 841 4288 tuder,
883 4231 922 4279 m.
