<?xml version="1.0" encoding="UTF-8"?>
<!DOCTYPE html PUBLIC "-//W3C//DTD XHTML 1.0 Transitional//EN"
    "http://www.w3.org/TR/xhtml1/DTD/xhtml1-transitional.dtd">
<html xmlns="http://www.w3.org/1999/xhtml" xml:lang="en" lang="en">
 <head>
  <title>
</title>
<meta http-equiv="Content-Type" content="text/html;charset=utf-8" />
  <meta name='ocr-system' content='tesseract 3.04.00' />
  <meta name='ocr-capabilities' content='ocr_page ocr_carea ocr_par ocr_line ocrx_word'/>
</head>
<body>
  <div class='ocr_page' id='page_1' title='image "./operaomniaexedi02suetgoog_0361.png"; bbox 0 0 3208 4918; ppageno 0'>
   <div class='ocr_carea' id='block_1_1' title="bbox 310 401 968 465">
    <p class='ocr_par' dir='ltr' id='par_1_1' title="bbox 310 401 968 465">
     <span class='ocr_line' id='line_1_1' title="bbox 310 401 968 465; baseline -0.002 0"><span class='ocrx_word' id='word_1_1' title='bbox 310 401 375 465; x_wconf 81' lang='lat'><strong>350</strong></span> <span class='ocrx_word' id='word_1_2' title='bbox 733 415 765 463; x_wconf 88' lang='lat' dir='ltr'><strong>o.</strong></span> <span class='ocrx_word' id='word_1_3' title='bbox 789 414 968 465; x_wconf 82' lang='lat' dir='ltr'><strong>susronrr</strong></span> 
     </span>
    </p>
   </div>
   <div class='ocr_carea' id='block_1_2' title="bbox 304 559 1403 1353">
    <p class='ocr_par' dir='ltr' id='par_1_2' title="bbox 304 559 1403 1353">
     <span class='ocr_line' id='line_1_2' title="bbox 311 559 1401 646; baseline 0.001 -18"><span class='ocrx_word' id='word_1_4' title='bbox 311 563 450 646; x_wconf 87' lang='lat' dir='ltr'><strong>Alpium</strong></span> <span class='ocrx_word' id='word_1_5' title='bbox 467 579 524 643; x_wconf 89' lang='lat' dir='ltr'><strong>per</strong></span> <span class='ocrx_word' id='word_1_6' title='bbox 547 559 794 624; x_wconf 80' lang='lat' dir='ltr'><strong>simulationem</strong></span> <span class='ocrx_word' id='word_1_7' title='bbox 813 559 973 643; x_wconf 84' lang='lat' dir='ltr'><strong>colloquii</strong></span> <span class='ocrx_word' id='word_1_8' title='bbox 990 561 1128 644; x_wconf 87' lang='lat' dir='ltr'><strong>propius</strong></span> <span class='ocrx_word' id='word_1_9' title='bbox 1156 561 1339 642; x_wconf 74' lang='lat' dir='ltr'><strong>admissnS,</strong></span> <span class='ocrx_word' id='word_1_10' title='bbox 1365 565 1401 629; x_wconf 90' lang='lat' dir='ltr'><strong>in</strong></span> 
     </span>
     <span class='ocr_line' id='line_1_3' title="bbox 310 660 1402 747; baseline 0 -18"><span class='ocrx_word' id='word_1_11' title='bbox 310 663 529 747; x_wconf 76' lang='lat' dir='ltr'><strong>praecipitium</strong></span> <span class='ocrx_word' id='word_1_12' title='bbox 554 660 768 743; x_wconf 81' lang='lat' dir='ltr'><strong>propelleret.</strong></span> <span class='ocrx_word' id='word_1_13' title='bbox 813 661 939 725; x_wconf 87' lang='lat' dir='ltr'><strong>Oculos</strong></span> <span class='ocrx_word' id='word_1_14' title='bbox 954 663 1067 726; x_wconf 88' lang='lat' dir='ltr'><strong>habuit</strong></span> <span class='ocrx_word' id='word_1_15' title='bbox 1083 663 1193 728; x_wconf 86' lang='lat' dir='ltr'><strong>claros</strong></span> <span class='ocrx_word' id='word_1_16' title='bbox 1209 683 1249 728; x_wconf 89' lang='lat' dir='ltr'><strong>ac</strong></span> <span class='ocrx_word' id='word_1_17' title='bbox 1264 666 1402 743; x_wconf 87' lang='lat' dir='ltr'><strong>nitidos,</strong></span> 
     </span>
     <span class='ocr_line' id='line_1_4' title="bbox 311 763 1403 849; baseline 0.002 -21"><span class='ocrx_word' id='word_1_18' title='bbox 311 767 433 849; x_wconf 87' lang='lat' dir='ltr'><strong>quibus</strong></span> <span class='ocrx_word' id='word_1_19' title='bbox 447 764 546 827; x_wconf 88' lang='lat' dir='ltr'><strong>etiam</strong></span> <span class='ocrx_word' id='word_1_20' title='bbox 562 763 747 826; x_wconf 87' lang='lat' dir='ltr'><strong>existimari</strong></span> <span class='ocrx_word' id='word_1_21' title='bbox 762 763 896 826; x_wconf 87' lang='lat' dir='ltr'><strong>volebat</strong></span> <span class='ocrx_word' id='word_1_22' title='bbox 910 764 1023 827; x_wconf 84' lang='lat' dir='ltr'><strong>inesse</strong></span> <span class='ocrx_word' id='word_1_23' title='bbox 1043 764 1200 846; x_wconf 82' lang='lat' dir='ltr'><strong>quiddam</strong></span> <span class='ocrx_word' id='word_1_24' title='bbox 1224 765 1328 830; x_wconf 81' lang='lat' dir='ltr'><strong>divini</strong></span> <span class='ocrx_word' id='word_1_25' title='bbox 1350 767 1403 830; x_wconf 87' lang='lat' dir='ltr'><strong>vi·</strong></span> 
     </span>
     <span class='ocr_line' id='line_1_5' title="bbox 311 864 1398 952; baseline 0.001 -22"><span class='ocrx_word' id='word_1_26' title='bbox 311 868 400 948; x_wconf 80' lang='lat' dir='ltr'><strong>gotis</strong></span> <span class='ocrx_word' id='word_1_27' title='bbox 411 873 435 946; x_wconf 81' lang='lat'><strong>3²</strong></span> <span class='ocrx_word' id='word_1_28' title='bbox 448 873 461 902; x_wconf 71' lang='lat'><strong>²¹</strong></span> <span class='ocrx_word' id='word_1_29' title='bbox 476 864 722 946; x_wconf 77' lang='lat' dir='ltr'><strong>gaudebatque,</strong></span> <span class='ocrx_word' id='word_1_30' title='bbox 739 865 767 927; x_wconf 92' lang='lat' dir='ltr'><strong>si</strong></span> <span class='ocrx_word' id='word_1_31' title='bbox 783 864 879 946; x_wconf 72' lang='lat' dir='ltr'><strong>quis3</strong></span> <span class='ocrx_word' id='word_1_32' title='bbox 897 865 962 929; x_wconf 88' lang='lat' dir='ltr'><strong>sibi</strong></span> <span class='ocrx_word' id='word_1_33' title='bbox 978 867 1087 929; x_wconf 89' lang='lat' dir='ltr'><strong>acrius</strong></span> <span class='ocrx_word' id='word_1_34' title='bbox 1100 867 1280 943; x_wconf 84' lang='lat' dir='ltr'><strong>contuenti,</strong></span> <span class='ocrx_word' id='word_1_35' title='bbox 1297 869 1398 952; x_wconf 87' lang='lat' dir='ltr'><strong>qnasi</strong></span> 
     </span>
     <span class='ocr_line' id='line_1_6' title="bbox 310 964 1401 1049; baseline 0.001 -18"><span class='ocrx_word' id='word_1_36' title='bbox 310 968 351 1031; x_wconf 90' lang='lat' dir='ltr'><strong>ad</strong></span> <span class='ocrx_word' id='word_1_37' title='bbox 366 967 523 1049; x_wconf 81' lang='lat' dir='ltr'><strong>fulgorem</strong></span> <span class='ocrx_word' id='word_1_38' title='bbox 540 965 656 1041; x_wconf 82' lang='lat' dir='ltr'><strong>Solis,v</strong></span> <span class='ocrx_word' id='word_1_39' title='bbox 672 964 800 1027; x_wconf 87' lang='lat' dir='ltr'><strong>vultum</strong></span> <span class='ocrx_word' id='word_1_40' title='bbox 816 965 1055 1030; x_wconf 82' lang='lat' dir='ltr'><strong>summitteret:</strong></span> <span class='ocrx_word' id='word_1_41' title='bbox 1077 967 1134 1029; x_wconf 88' lang='lat' dir='ltr'><strong>sed</strong></span> <span class='ocrx_word' id='word_1_42' title='bbox 1150 969 1183 1030; x_wconf 94' lang='lat' dir='ltr'><strong>in</strong></span> <span class='ocrx_word' id='word_1_43' title='bbox 1204 977 1339 1033; x_wconf 79' lang='lat' dir='ltr'><strong>senecta</strong></span> <span class='ocrx_word' id='word_1_44' title='bbox 1355 971 1401 1032; x_wconf 86' lang='lat' dir='ltr'><strong>si·</strong></span> 
     </span>
     <span class='ocr_line' id='line_1_7' title="bbox 308 1065 1397 1148; baseline 0 -16"><span class='ocrx_word' id='word_1_45' title='bbox 308 1070 411 1132; x_wconf 87' lang='lat' dir='ltr'><strong>nistro</strong></span> <span class='ocrx_word' id='word_1_46' title='bbox 425 1069 533 1131; x_wconf 88' lang='lat' dir='ltr'><strong>minus</strong></span> <span class='ocrx_word' id='word_1_47' title='bbox 549 1066 644 1128; x_wconf 87' lang='lat' dir='ltr'><strong>vidit.</strong></span> <span class='ocrx_word' id='word_1_48' title='bbox 688 1065 817 1129; x_wconf 87' lang='lat' dir='ltr'><strong>Dentes</strong></span> <span class='ocrx_word' id='word_1_49' title='bbox 832 1084 935 1143; x_wconf 86' lang='lat' dir='ltr'><strong>raros,</strong></span> <span class='ocrx_word' id='word_1_50' title='bbox 951 1071 986 1129; x_wconf 88' lang='lat' dir='ltr'><strong>et</strong></span> <span class='ocrx_word' id='word_1_51' title='bbox 999 1067 1151 1148; x_wconf 78' lang='lat' dir='ltr'><strong>exiguos,</strong></span> <span class='ocrx_word' id='word_1_52' title='bbox 1172 1075 1229 1132; x_wconf 70' lang='lat' dir='ltr'><strong>et*</strong></span> <span class='ocrx_word' id='word_1_53' title='bbox 1244 1071 1397 1144; x_wconf 89' lang='lat' dir='ltr'><strong>scabros,</strong></span> 
     </span>
     <span class='ocr_line' id='line_1_8' title="bbox 309 1167 1399 1253; baseline 0.002 -20"><span class='ocrx_word' id='word_1_54' title='bbox 309 1171 464 1252; x_wconf 80' lang='lat' dir='ltr'><strong>capillum</strong></span> <span class='ocrx_word' id='word_1_55' title='bbox 487 1168 626 1231; x_wconf 80' lang='lat' dir='ltr'><strong>leniter⁵</strong></span> <span class='ocrx_word' id='word_1_56' title='bbox 642 1167 800 1230; x_wconf 83' lang='lat' dir='ltr'><strong>inflexum</strong></span> <span class='ocrx_word' id='word_1_57' title='bbox 812 1174 830 1201; x_wconf 73' lang='lat'><strong>⁸&#39;</strong></span> <span class='ocrx_word' id='word_1_58' title='bbox 844 1174 877 1230; x_wconf 92' lang='lat' dir='ltr'><strong>et</strong></span> <span class='ocrx_word' id='word_1_59' title='bbox 900 1167 1102 1243; x_wconf 82' lang='lat' dir='ltr'><strong>suillarum,¹</strong></span> <span class='ocrx_word' id='word_1_60' title='bbox 1119 1171 1300 1253; x_wconf 88' lang='lat' dir='ltr'><strong>supercilia</strong></span> <span class='ocrx_word' id='word_1_61' title='bbox 1320 1191 1399 1234; x_wconf 89' lang='lat' dir='ltr'><strong>con·</strong></span> 
     </span>
     <span class='ocr_line' id='line_1_9' title="bbox 304 1269 1399 1353; baseline 0 -20"><span class='ocrx_word' id='word_1_62' title='bbox 304 1270 448 1353; x_wconf 76' lang='lat' dir='ltr'><strong>juncta,y</strong></span> <span class='ocrx_word' id='word_1_63' title='bbox 459 1269 639 1332; x_wconf 89' lang='lat' dir='ltr'><strong>mediocres</strong></span> <span class='ocrx_word' id='word_1_64' title='bbox 655 1286 761 1345; x_wconf 87' lang='lat' dir='ltr'><strong>aures,</strong></span> <span class='ocrx_word' id='word_1_65' title='bbox 777 1285 896 1330; x_wconf 86' lang='lat' dir='ltr'><strong>nasum</strong></span> <span class='ocrx_word' id='word_1_66' title='bbox 909 1273 943 1332; x_wconf 87' lang='lat' dir='ltr'><strong>et</strong></span> <span class='ocrx_word' id='word_1_67' title='bbox 955 1285 976 1330; x_wconf 86' lang='lat' dir='ltr'><strong>a</strong></span> <span class='ocrx_word' id='word_1_68' title='bbox 988 1287 1117 1332; x_wconf 88' lang='lat' dir='ltr'><strong>summo</strong></span> <span class='ocrx_word' id='word_1_69' title='bbox 1141 1271 1399 1345; x_wconf 82' lang='lat' dir='ltr'><strong>eminentiorem,</strong></span> 
     </span>
    </p>
   </div>
   <div class='ocr_carea' id='block_1_3' title="bbox 766 1460 944 1482">
    <p class='ocr_par' dir='ltr' id='par_1_3' title="bbox 766 1460 944 1482">
     <span class='ocr_line' id='line_1_10' title="bbox 766 1460 944 1482; baseline 0.011 -2"><span class='ocrx_word' id='word_1_70' title='bbox 766 1460 944 1482; x_wconf 59' lang='lat' dir='ltr'><strong>omnm</strong></span> 
     </span>
    </p>
   </div>
   <div class='ocr_carea' id='block_1_4' title="bbox 307 1589 1400 2045">
    <p class='ocr_par' dir='ltr' id='par_1_4' title="bbox 308 1589 1400 1659">
     <span class='ocr_line' id='line_1_11' title="bbox 308 1589 1400 1659; baseline 0.004 -16"><span class='ocrx_word' id='word_1_71' title='bbox 308 1595 374 1658; x_wconf 88' lang='lat' dir='ltr'><strong>Cop.</strong></span> <span class='ocrx_word' id='word_1_72' title='bbox 387 1593 436 1642; x_wconf 84' lang='lat' dir='ltr'><strong>Ed.</strong></span> <span class='ocrx_word' id='word_1_73' title='bbox 446 1595 512 1641; x_wconf 87' lang='lat' dir='ltr'><strong>Veu.</strong></span> <span class='ocrx_word' id='word_1_74' title='bbox 524 1597 548 1641; x_wconf 89' lang='lat' dir='ltr'><strong>l.</strong></span> <span class='ocrx_word' id='word_1_75' title='bbox 565 1590 632 1640; x_wconf 90' lang='lat' dir='ltr'><strong>ltem</strong></span> <span class='ocrx_word' id='word_1_76' title='bbox 651 1589 677 1638; x_wconf 91' lang='lat' dir='ltr'><strong>in</strong></span> <span class='ocrx_word' id='word_1_77' title='bbox 695 1591 809 1640; x_wconf 82' lang='lat' dir='ltr'><strong>Herlem.</strong></span> <span class='ocrx_word' id='word_1_78' title='bbox 822 1591 994 1642; x_wconf 65' lang='lat' dir='ltr'><strong>estimet-a</strong></span> <span class='ocrx_word' id='word_1_79' title='bbox 1013 1591 1088 1641; x_wconf 84' lang='lat' dir='ltr'><strong>Grnt.</strong></span> <span class='ocrx_word' id='word_1_80' title='bbox 1099 1591 1189 1644; x_wconf 85' lang='lat' dir='ltr'><strong>abesse</strong></span> <span class='ocrx_word' id='word_1_81' title='bbox 1203 1596 1290 1644; x_wconf 82' lang='lat' dir='ltr'><strong>mallet</strong></span> <span class='ocrx_word' id='word_1_82' title='bbox 1299 1597 1400 1659; x_wconf 73' lang='lat' dir='ltr'><strong>uigoris.</strong></span> 
     </span>
    </p>

    <p class='ocr_par' dir='ltr' id='par_1_5' title="bbox 307 1655 1400 2045">
     <span class='ocr_line' id='line_1_12' title="bbox 307 1655 1400 1720; baseline 0.006 -14"><span class='ocrx_word' id='word_1_83' title='bbox 307 1663 356 1707; x_wconf 72' lang='grc'><strong>-8</strong></span> <span class='ocrx_word' id='word_1_84' title='bbox 373 1657 401 1707; x_wconf 77' lang='lat' dir='ltr'><strong>Si</strong></span> <span class='ocrx_word' id='word_1_85' title='bbox 412 1660 452 1720; x_wconf 80' lang='lat' dir='ltr'><strong>qui</strong></span> <span class='ocrx_word' id='word_1_86' title='bbox 463 1659 569 1706; x_wconf 84' lang='lat' dir='ltr'><strong>Mamm.</strong></span> <span class='ocrx_word' id='word_1_87' title='bbox 582 1655 678 1703; x_wconf 83' lang='lat' dir='ltr'><strong>Medic.</strong></span> <span class='ocrx_word' id='word_1_88' title='bbox 698 1659 722 1703; x_wconf 71' lang='grc'><strong>8.</strong></span> <span class='ocrx_word' id='word_1_89' title='bbox 741 1656 821 1704; x_wconf 89' lang='lat' dir='ltr'><strong>Polit.</strong></span> <span class='ocrx_word' id='word_1_90' title='bbox 834 1657 911 1705; x_wconf 89' lang='lat' dir='ltr'><strong>Vind.</strong></span> <span class='ocrx_word' id='word_1_91' title='bbox 924 1661 946 1703; x_wconf 86' lang='lat'><strong>1.</strong></span> <span class='ocrx_word' id='word_1_92' title='bbox 960 1657 1043 1706; x_wconf 72' lang='lat' dir='ltr'><strong>Perit.</strong></span> <span class='ocrx_word' id='word_1_93' title='bbox 1065 1657 1181 1708; x_wconf 77' lang='lat' dir='ltr'><strong>Herlem.</strong></span> <span class='ocrx_word' id='word_1_94' title='bbox 1197 1667 1223 1709; x_wconf 87' lang='lat' dir='ltr'><strong>et</strong></span> <span class='ocrx_word' id='word_1_95' title='bbox 1242 1657 1309 1710; x_wconf 83' lang='lat' dir='ltr'><strong>Edd.</strong></span> <span class='ocrx_word' id='word_1_96' title='bbox 1329 1663 1400 1714; x_wconf 85' lang='lat' dir='ltr'><strong>Vett.</strong></span> 
     </span>
     <span class='ocr_line' id='line_1_13' title="bbox 310 1719 1399 1788; baseline 0.005 -18"><span class='ocrx_word' id='word_1_97' title='bbox 310 1737 390 1784; x_wconf 86' lang='lat' dir='ltr'><strong>osque</strong></span> <span class='ocrx_word' id='word_1_98' title='bbox 403 1721 434 1768; x_wconf 85' lang='lat' dir='ltr'><strong>sd</strong></span> <span class='ocrx_word' id='word_1_99' title='bbox 446 1721 506 1768; x_wconf 85' lang='lat' dir='ltr'><strong>Bne.</strong></span> <span class='ocrx_word' id='word_1_100' title='bbox 520 1726 586 1782; x_wconf 82' lang='lat' dir='ltr'><strong>port.</strong></span> <span class='ocrx_word' id='word_1_101' title='bbox 604 1719 769 1782; x_wconf 79' lang='lat' dir='ltr'><strong>reposuitque</strong></span> <span class='ocrx_word' id='word_1_102' title='bbox 789 1719 860 1768; x_wconf 87' lang='lat' dir='ltr'><strong>Oud.</strong></span> <span class='ocrx_word' id='word_1_103' title='bbox 871 1721 896 1768; x_wconf 91' lang='lat' dir='ltr'><strong>in</strong></span> <span class='ocrx_word' id='word_1_104' title='bbox 915 1734 968 1768; x_wconf 84' lang='lat' dir='ltr'><strong>sua.</strong></span> <span class='ocrx_word' id='word_1_105' title='bbox 985 1721 1091 1770; x_wconf 81' lang='lat' dir='ltr'><strong>Prtebet</strong></span> <span class='ocrx_word' id='word_1_106' title='bbox 1102 1723 1173 1771; x_wconf 87' lang='lat' dir='ltr'><strong>Duo.</strong></span> <span class='ocrx_word' id='word_1_107' title='bbox 1193 1724 1254 1772; x_wconf 82' lang='lat' dir='ltr'><strong>lect.</strong></span> <span class='ocrx_word' id='word_1_108' title='bbox 1267 1733 1399 1788; x_wconf 87' lang='lat' dir='ltr'><strong>recept.-</strong></span> 
     </span>
     <span class='ocr_line' id='line_1_14' title="bbox 308 1783 1399 1845; baseline 0.004 -11"><span class='ocrx_word' id='word_1_109' title='bbox 308 1789 324 1834; x_wconf 72' lang='grc' dir='ltr'><strong>Δ</strong></span> <span class='ocrx_word' id='word_1_110' title='bbox 343 1787 407 1834; x_wconf 85' lang='lat' dir='ltr'><strong>l&#39;ost</strong></span> <span class='ocrx_word' id='word_1_111' title='bbox 416 1783 480 1844; x_wconf 77' lang='lat' dir='ltr'><strong>exig.</strong></span> <span class='ocrx_word' id='word_1_112' title='bbox 494 1783 540 1831; x_wconf 86' lang='lat' dir='ltr'><strong>Ed.</strong></span> <span class='ocrx_word' id='word_1_113' title='bbox 551 1784 641 1845; x_wconf 75' lang='lat' dir='ltr'><strong>camp.</strong></span> <span class='ocrx_word' id='word_1_114' title='bbox 652 1796 701 1831; x_wconf 90' lang='lat' dir='ltr'><strong>non</strong></span> <span class='ocrx_word' id='word_1_115' title='bbox 710 1783 824 1844; x_wconf 78' lang='lat' dir='ltr'><strong>agnoscit</strong></span> <span class='ocrx_word' id='word_1_116' title='bbox 835 1789 866 1832; x_wconf 85' lang='lat' dir='ltr'><strong>et.</strong></span> <span class='ocrx_word' id='word_1_117' title='bbox 883 1783 946 1831; x_wconf 84' lang='lat' dir='ltr'><strong>Tnm</strong></span> <span class='ocrx_word' id='word_1_118' title='bbox 958 1797 1005 1845; x_wconf 88' lang='lat' dir='ltr'><strong>pro</strong></span> <span class='ocrx_word' id='word_1_119' title='bbox 1013 1785 1088 1834; x_wconf 78' lang='lat' dir='ltr'><strong>rcntr.</strong></span> <span class='ocrx_word' id='word_1_120' title='bbox 1099 1800 1166 1835; x_wconf 84' lang='lat' dir='ltr'><strong>man.</strong></span> <span class='ocrx_word' id='word_1_121' title='bbox 1177 1787 1245 1836; x_wconf 88' lang='lat' dir='ltr'><strong>doct.</strong></span> <span class='ocrx_word' id='word_1_122' title='bbox 1255 1788 1280 1835; x_wconf 91' lang='lat' dir='ltr'><strong>in</strong></span> <span class='ocrx_word' id='word_1_123' title='bbox 1293 1803 1337 1837; x_wconf 85' lang='lat' dir='ltr'><strong>ora</strong></span> <span class='ocrx_word' id='word_1_124' title='bbox 1351 1790 1399 1838; x_wconf 80' lang='lat' dir='ltr'><strong>Ed.</strong></span> 
     </span>
     <span class='ocr_line' id='line_1_15' title="bbox 309 1846 1398 1913; baseline 0.003 -14"><span class='ocrx_word' id='word_1_125' title='bbox 309 1850 400 1912; x_wconf 85' lang='lat' dir='ltr'><strong>Stepb.</strong></span> <span class='ocrx_word' id='word_1_126' title='bbox 411 1863 505 1909; x_wconf 79' lang='lat' dir='ltr'><strong>asperos</strong></span> <span class='ocrx_word' id='word_1_127' title='bbox 516 1846 692 1909; x_wconf 72' lang='lat' dir='ltr'><strong>ascripsit-5</strong></span> <span class='ocrx_word' id='word_1_128' title='bbox 710 1847 752 1894; x_wconf 89' lang='lat' dir='ltr'><strong>Sic</strong></span> <span class='ocrx_word' id='word_1_129' title='bbox 763 1860 851 1895; x_wconf 86' lang='lat' dir='ltr'><strong>omnes</strong></span> <span class='ocrx_word' id='word_1_130' title='bbox 863 1846 980 1895; x_wconf 88' lang='lat' dir='ltr'><strong>meliores</strong></span> <span class='ocrx_word' id='word_1_131' title='bbox 991 1849 1049 1897; x_wconf 87' lang='lat' dir='ltr'><strong>libri</strong></span> <span class='ocrx_word' id='word_1_132' title='bbox 1061 1849 1170 1900; x_wconf 80' lang='lat' dir='ltr'><strong>esssob.</strong></span> <span class='ocrx_word' id='word_1_133' title='bbox 1189 1852 1244 1913; x_wconf 81' lang='lat' dir='ltr'><strong>ipso</strong></span> <span class='ocrx_word' id='word_1_134' title='bbox 1256 1859 1282 1900; x_wconf 91' lang='lat' dir='ltr'><strong>et</strong></span> <span class='ocrx_word' id='word_1_135' title='bbox 1298 1853 1398 1902; x_wconf 82' lang='lat' dir='ltr'><strong>Serive-</strong></span> 
     </span>
     <span class='ocr_line' id='line_1_16' title="bbox 309 1910 1400 1979; baseline 0.005 -19"><span class='ocrx_word' id='word_1_136' title='bbox 309 1915 348 1961; x_wconf 89' lang='lat' dir='ltr'><strong>rio</strong></span> <span class='ocrx_word' id='word_1_137' title='bbox 357 1911 499 1974; x_wconf 79' lang='lat' dir='ltr'><strong>probantib.</strong></span> <span class='ocrx_word' id='word_1_138' title='bbox 526 1910 567 1958; x_wconf 84' lang='lat' dir='ltr'><strong>lta</strong></span> <span class='ocrx_word' id='word_1_139' title='bbox 579 1923 679 1971; x_wconf 90' lang='lat' dir='ltr'><strong>qnoque</strong></span> <span class='ocrx_word' id='word_1_140' title='bbox 690 1923 723 1958; x_wconf 80' lang='lat' dir='ltr'><strong>ex</strong></span> <span class='ocrx_word' id='word_1_141' title='bbox 736 1917 843 1974; x_wconf 85' lang='lat' dir='ltr'><strong>utroque</strong></span> <span class='ocrx_word' id='word_1_142' title='bbox 852 1911 930 1959; x_wconf 88' lang='lat' dir='ltr'><strong>Vind.</strong></span> <span class='ocrx_word' id='word_1_143' title='bbox 942 1911 1014 1960; x_wconf 83' lang='lat' dir='ltr'><strong>eon.</strong></span> <span class='ocrx_word' id='word_1_144' title='bbox 1027 1913 1093 1961; x_wconf 89' lang='lat' dir='ltr'><strong>Edd.</strong></span> <span class='ocrx_word' id='word_1_145' title='bbox 1112 1914 1186 1962; x_wconf 88' lang='lat' dir='ltr'><strong>Rom.</strong></span> <span class='ocrx_word' id='word_1_146' title='bbox 1204 1923 1322 1979; x_wconf 83' lang='lat' dir='ltr'><strong>utraque,</strong></span> <span class='ocrx_word' id='word_1_147' title='bbox 1334 1917 1400 1966; x_wconf 84' lang='lat' dir='ltr'><strong>Bon.</strong></span> 
     </span>
     <span class='ocr_line' id='line_1_17' title="bbox 307 1972 1398 2045; baseline 0.005 -21"><span class='ocrx_word' id='word_1_148' title='bbox 307 1977 414 2041; x_wconf 74' lang='lat' dir='ltr'><strong>aliisque</strong></span> <span class='ocrx_word' id='word_1_149' title='bbox 424 1975 521 2039; x_wconf 87' lang='lat' dir='ltr'><strong>recepit</strong></span> <span class='ocrx_word' id='word_1_150' title='bbox 534 1975 604 2024; x_wconf 88' lang='lat' dir='ltr'><strong>Ood.</strong></span> <span class='ocrx_word' id='word_1_151' title='bbox 614 1972 719 2023; x_wconf 77' lang='lat' dir='ltr'><strong>serente</strong></span> <span class='ocrx_word' id='word_1_152' title='bbox 731 1975 793 2022; x_wconf 84' lang='lat' dir='ltr'><strong>Eru.</strong></span> <span class='ocrx_word' id='word_1_153' title='bbox 822 1974 854 2023; x_wconf 90' lang='lat' dir='ltr'><strong>ln</strong></span> <span class='ocrx_word' id='word_1_154' title='bbox 865 1973 932 2024; x_wconf 83' lang='lat' dir='ltr'><strong>Dan.</strong></span> <span class='ocrx_word' id='word_1_155' title='bbox 945 1976 1012 2040; x_wconf 67' lang='lat' dir='ltr'><strong>rnlg.</strong></span> <span class='ocrx_word' id='word_1_156' title='bbox 1021 1975 1082 2026; x_wconf 86' lang='lat' dir='ltr'><strong>leet.</strong></span> <span class='ocrx_word' id='word_1_157' title='bbox 1093 1978 1176 2027; x_wconf 79' lang='lat' dir='ltr'><strong>leuiter</strong></span> <span class='ocrx_word' id='word_1_158' title='bbox 1183 1987 1313 2043; x_wconf 82' lang='lat' dir='ltr'><strong>servetur,</strong></span> <span class='ocrx_word' id='word_1_159' title='bbox 1322 1981 1398 2045; x_wconf 81' lang='lat' dir='ltr'><strong>idque</strong></span> 
     </span>
    </p>
   </div>
   <div class='ocr_carea' id='block_1_5' title="bbox 800 2217 905 2268">
    <p class='ocr_par' dir='ltr' id='par_1_6' title="bbox 800 2217 905 2268">
     <span class='ocr_line' id='line_1_18' title="bbox 800 2217 905 2268; baseline -0.01 -1"><span class='ocrx_word' id='word_1_160' title='bbox 800 2217 905 2268; x_wconf 70' lang='lat' dir='ltr'><strong>Nouia</strong></span> 
     </span>
    </p>
   </div>
   <div class='ocr_carea' id='block_1_6' title="bbox 291 2362 1400 4299">
    <p class='ocr_par' dir='ltr' id='par_1_7' title="bbox 291 2362 1400 4299">
     <span class='ocr_line' id='line_1_19' title="bbox 340 2362 1398 2426; baseline 0 -10"><span class='ocrx_word' id='word_1_161' title='bbox 340 2363 567 2426; x_wconf 69' lang='lat' dir='ltr'><strong>¹¹Dirim&#39;or’guru&#39;e]</strong></span> <span class='ocrx_word' id='word_1_162' title='bbox 583 2363 731 2413; x_wconf 82' lang='lat' dir='ltr'><strong>Hacetiem</strong></span> <span class='ocrx_word' id='word_1_163' title='bbox 750 2362 832 2426; x_wconf 90' lang='lat' dir='ltr'><strong>opini·</strong></span> <span class='ocrx_word' id='word_1_164' title='bbox 873 2363 1078 2424; x_wconf 67' lang='lat' dir='ltr'><strong>centemnunt</strong></span> <span class='ocrx_word' id='word_1_165' title='bbox 1098 2377 1138 2412; x_wconf 78' lang='lat' dir='ltr'><strong>rur</strong></span> <span class='ocrx_word' id='word_1_166' title='bbox 1160 2368 1181 2413; x_wconf 84' lang='lat' dir='ltr'><strong>le</strong></span> <span class='ocrx_word' id='word_1_167' title='bbox 1207 2365 1286 2415; x_wconf 80' lang='lat' dir='ltr'><strong>blond.</strong></span> <span class='ocrx_word' id='word_1_168' title='bbox 1318 2366 1398 2416; x_wconf 82' lang='lat' dir='ltr'><strong>Come</strong></span> 
     </span>
     <span class='ocr_line' id='line_1_20' title="bbox 308 2436 1397 2503; baseline -0.001 -11"><span class='ocrx_word' id='word_1_169' title='bbox 308 2457 357 2494; x_wconf 90' lang='lat' dir='ltr'><strong>oue</strong></span> <span class='ocrx_word' id='word_1_170' title='bbox 368 2443 526 2492; x_wconf 85' lang='lat' dir='ltr'><strong>delectatum</strong></span> <span class='ocrx_word' id='word_1_171' title='bbox 537 2441 634 2492; x_wconf 87' lang='lat' dir='ltr'><strong>Juliom</strong></span> <span class='ocrx_word' id='word_1_172' title='bbox 647 2445 733 2488; x_wconf 82' lang='lat' dir='ltr'><strong>narret</strong></span> <span class='ocrx_word' id='word_1_173' title='bbox 744 2438 805 2488; x_wconf 88' lang='lat' dir='ltr'><strong>Dio.</strong></span> <span class='ocrx_word' id='word_1_174' title='bbox 872 2436 937 2488; x_wconf 78' lang='lat' dir='ltr'><strong>flare</strong></span> <span class='ocrx_word' id='word_1_175' title='bbox 949 2440 975 2488; x_wconf 93' lang='lat' dir='ltr'><strong>ln</strong></span> <span class='ocrx_word' id='word_1_176' title='bbox 987 2439 1085 2489; x_wconf 81' lang='lat' dir='ltr'><strong>deliciis</strong></span> <span class='ocrx_word' id='word_1_177' title='bbox 1097 2439 1165 2502; x_wconf 84' lang='lat' dir='ltr'><strong>apud</strong></span> <span class='ocrx_word' id='word_1_178' title='bbox 1175 2441 1263 2490; x_wconf 77' lang='lat' dir='ltr'><strong>molles</strong></span> <span class='ocrx_word' id='word_1_179' title='bbox 1271 2441 1326 2503; x_wconf 85' lang='lat' dir='ltr'><strong>ejus</strong></span> <span class='ocrx_word' id='word_1_180' title='bbox 1337 2449 1397 2490; x_wconf 71' lang='lat' dir='ltr'><strong>stn-</strong></span> 
     </span>
     <span class='ocr_line' id='line_1_21' title="bbox 342 2512 1399 2578; baseline 0 -14"><span class='ocrx_word' id='word_1_181' title='bbox 342 2524 353 2550; x_wconf 67' lang='grc'>’</span> <span class='ocrx_word' id='word_1_182' title='bbox 370 2517 446 2572; x_wconf 78' lang='lat' dir='ltr'><strong>Queri</strong></span> <span class='ocrx_word' id='word_1_183' title='bbox 465 2517 497 2563; x_wconf 86' lang='lat' dir='ltr'><strong>ud</strong></span> <span class='ocrx_word' id='word_1_184' title='bbox 511 2514 633 2575; x_wconf 74' lang='lat' dir='ltr'><strong>fulgorem</strong></span> <span class='ocrx_word' id='word_1_185' title='bbox 654 2512 726 2576; x_wconf 77' lang='lat' dir='ltr'><strong>Solis]</strong></span> <span class='ocrx_word' id='word_1_186' title='bbox 744 2513 833 2564; x_wconf 89' lang='lat' dir='ltr'><strong>lnnuit</strong></span> <span class='ocrx_word' id='word_1_187' title='bbox 874 2513 1211 2578; x_wconf 74' lang='lat' dir='ltr'><strong>tiserut,snperqneplors</strong></span> <span class='ocrx_word' id='word_1_188' title='bbox 1222 2515 1318 2565; x_wconf 82' lang='lat' dir='ltr'><strong>rideris</strong></span> <span class='ocrx_word' id='word_1_189' title='bbox 1331 2515 1399 2566; x_wconf 78' lang='lat' dir='ltr'><strong>iol&#39;rs</strong></span> 
     </span>
     <span class='ocr_line' id='line_1_22' title="bbox 310 2589 1206 2656; baseline 0 -18"><span class='ocrx_word' id='word_1_190' title='bbox 310 2590 378 2656; x_wconf 89' lang='lat' dir='ltr'><strong>quud</strong></span> <span class='ocrx_word' id='word_1_191' title='bbox 397 2590 517 2639; x_wconf 80' lang='lat' dir='ltr'><strong>Aurelius</strong></span> <span class='ocrx_word' id='word_1_192' title='bbox 537 2590 628 2638; x_wconf 84' lang='lat' dir='ltr'><strong>Victor</strong></span> <span class='ocrx_word' id='word_1_193' title='bbox 644 2595 731 2637; x_wconf 81' lang='lat' dir='ltr'><strong>narrat</strong></span> <span class='ocrx_word' id='word_1_194' title='bbox 742 2589 775 2638; x_wconf 87' lang='lat' dir='ltr'><strong>de</strong></span> <span class='ocrx_word' id='word_1_195' title='bbox 787 2591 834 2638; x_wconf 90' lang='lat' dir='ltr'><strong>rni-</strong></span> <span class='ocrx_word' id='word_1_196' title='bbox 873 2589 899 2638; x_wconf 90' lang='lat' dir='ltr'><strong>ln</strong></span> <span class='ocrx_word' id='word_1_197' title='bbox 911 2589 996 2652; x_wconf 76' lang='lat' dir='ltr'><strong>Calig.</strong></span> <span class='ocrx_word' id='word_1_198' title='bbox 1007 2603 1064 2653; x_wconf 82' lang='lat' dir='ltr'><strong>cap.</strong></span> <span class='ocrx_word' id='word_1_199' title='bbox 1077 2595 1116 2640; x_wconf 87' lang='lat' dir='ltr'><strong>ll.</strong></span> <span class='ocrx_word' id='word_1_200' title='bbox 1128 2598 1156 2638; x_wconf 88' lang='lat' dir='ltr'><strong>et</strong></span> <span class='ocrx_word' id='word_1_201' title='bbox 1166 2595 1206 2639; x_wconf 75' lang='grc'><strong>47.</strong></span> 
     </span>
     <span class='ocr_line' id='line_1_23' title="bbox 308 2663 1398 2731; baseline -0.002 -15"><span class='ocrx_word' id='word_1_202' title='bbox 308 2669 356 2717; x_wconf 89' lang='lat' dir='ltr'><strong>lite</strong></span> <span class='ocrx_word' id='word_1_203' title='bbox 368 2667 489 2731; x_wconf 75' lang='lat' dir='ltr'><strong>quodem,</strong></span> <span class='ocrx_word' id='word_1_204' title='bbox 500 2663 543 2728; x_wconf 88' lang='lat' dir='ltr'><strong>qul</strong></span> <span class='ocrx_word' id='word_1_205' title='bbox 555 2677 612 2712; x_wconf 84' lang='lat' dir='ltr'><strong>eum</strong></span> <span class='ocrx_word' id='word_1_206' title='bbox 623 2663 656 2711; x_wconf 81' lang='lat' dir='ltr'><strong>sb</strong></span> <span class='ocrx_word' id='word_1_207' title='bbox 673 2663 727 2726; x_wconf 84' lang='lat' dir='ltr'><strong>ejus</strong></span> <span class='ocrx_word' id='word_1_208' title='bbox 746 2677 774 2712; x_wconf 88' lang='lat' dir='ltr'><strong>se</strong></span> <span class='ocrx_word' id='word_1_209' title='bbox 792 2679 832 2712; x_wconf 82' lang='lat' dir='ltr'><strong>ae·</strong></span> <span class='ocrx_word' id='word_1_210' title='bbox 904 2671 915 2706; x_wconf 74' lang='lat'>¹</span> <span class='ocrx_word' id='word_1_211' title='bbox 932 2665 1063 2728; x_wconf 76' lang='lat' dir='ltr'><strong>Supercilin</strong></span> <span class='ocrx_word' id='word_1_212' title='bbox 1073 2665 1207 2730; x_wconf 59' lang='lat' dir='ltr'><strong>maiorem]</strong></span> <span class='ocrx_word' id='word_1_213' title='bbox 1226 2665 1284 2716; x_wconf 79' lang='lat' dir='ltr'><strong>Hoc</strong></span> <span class='ocrx_word' id='word_1_214' title='bbox 1304 2675 1344 2716; x_wconf 88' lang='lat' dir='ltr'><strong>est</strong></span> <span class='ocrx_word' id='word_1_215' title='bbox 1360 2666 1398 2714; x_wconf 90' lang='lat' dir='ltr'><strong>in·</strong></span> 
     </span>
     <span class='ocr_line' id='line_1_24' title="bbox 310 2738 1398 2805; baseline 0.002 -15"><span class='ocrx_word' id='word_1_216' title='bbox 310 2749 388 2804; x_wconf 86' lang='lat' dir='ltr'><strong>pectu</strong></span> <span class='ocrx_word' id='word_1_217' title='bbox 400 2746 539 2795; x_wconf 81' lang='lat' dir='ltr'><strong>everteret.</strong></span> <span class='ocrx_word' id='word_1_218' title='bbox 551 2738 650 2800; x_wconf 87' lang='lat' dir='ltr'><strong>petenti</strong></span> <span class='ocrx_word' id='word_1_219' title='bbox 665 2751 767 2786; x_wconf 77' lang='lat' dir='ltr'><strong>caueam</strong></span> <span class='ocrx_word' id='word_1_220' title='bbox 780 2738 831 2787; x_wconf 80' lang='lat' dir='ltr'><strong>Ao·</strong></span> <span class='ocrx_word' id='word_1_221' title='bbox 873 2739 998 2790; x_wconf 83' lang='lat' dir='ltr'><strong>distincta</strong></span> <span class='ocrx_word' id='word_1_222' title='bbox 1026 2747 1054 2792; x_wconf 88' lang='lat' dir='ltr'><strong>et</strong></span> <span class='ocrx_word' id='word_1_223' title='bbox 1081 2741 1179 2805; x_wconf 81' lang='lat' dir='ltr'><strong>absque</strong></span> <span class='ocrx_word' id='word_1_224' title='bbox 1199 2743 1336 2798; x_wconf 86' lang='lat' dir='ltr'><strong>intercilio,</strong></span> <span class='ocrx_word' id='word_1_225' title='bbox 1353 2757 1398 2792; x_wconf 82' lang='lat' dir='ltr'><strong>eeu</strong></span> 
     </span>
     <span class='ocr_line' id='line_1_25' title="bbox 309 2811 1397 2880; baseline 0.004 -16"><span class='ocrx_word' id='word_1_226' title='bbox 309 2822 386 2878; x_wconf 72' lang='lat' dir='ltr'><strong>gusto</strong></span> <span class='ocrx_word' id='word_1_227' title='bbox 398 2813 542 2876; x_wconf 78' lang='lat' dir='ltr'><strong>respondit,</strong></span> <span class='ocrx_word' id='word_1_228' title='bbox 558 2813 636 2876; x_wconf 80' lang='lat' dir='ltr'><strong>‘quie</strong></span> <span class='ocrx_word' id='word_1_229' title='bbox 652 2811 750 2863; x_wconf 83' lang='lat' dir='ltr'><strong>fulmen</strong></span> <span class='ocrx_word' id='word_1_230' title='bbox 770 2827 832 2862; x_wconf 84' lang='lat' dir='ltr'><strong>oco·</strong></span> <span class='ocrx_word' id='word_1_231' title='bbox 872 2814 992 2877; x_wconf 76' lang='lat' dir='ltr'><strong>glsbells,</strong></span> <span class='ocrx_word' id='word_1_232' title='bbox 1011 2829 1061 2880; x_wconf 86' lang='lat' dir='ltr'><strong>que</strong></span> <span class='ocrx_word' id='word_1_233' title='bbox 1073 2813 1283 2865; x_wconf 80' lang='lat' dir='ltr'><strong>discriminantur</strong></span> <span class='ocrx_word' id='word_1_234' title='bbox 1295 2818 1320 2865; x_wconf 91' lang='lat' dir='ltr'><strong>in</strong></span> <span class='ocrx_word' id='word_1_235' title='bbox 1333 2817 1397 2868; x_wconf 78' lang='lat' dir='ltr'><strong>aliie.</strong></span> 
     </span>
     <span class='ocr_line' id='line_1_26' title="bbox 308 2886 1397 2952; baseline 0.003 -15"><span class='ocrx_word' id='word_1_236' title='bbox 308 2891 388 2938; x_wconf 86' lang='lat' dir='ltr'><strong>lorum</strong></span> <span class='ocrx_word' id='word_1_237' title='bbox 399 2895 499 2936; x_wconf 85' lang='lat' dir='ltr'><strong>tnorom</strong></span> <span class='ocrx_word' id='word_1_238' title='bbox 509 2886 579 2937; x_wconf 70' lang='lat' dir='ltr'><strong>t&#39;erre</strong></span> <span class='ocrx_word' id='word_1_239' title='bbox 588 2902 639 2936; x_wconf 88' lang='lat' dir='ltr'><strong>non</strong></span> <span class='ocrx_word' id='word_1_240' title='bbox 648 2886 768 2951; x_wconf 71' lang='lat' dir='ltr'><strong>possum!</strong></span> <span class='ocrx_word' id='word_1_241' title='bbox 777 2889 832 2937; x_wconf 90' lang='lat' dir='ltr'><strong>Pli·</strong></span> <span class='ocrx_word' id='word_1_242' title='bbox 872 2889 965 2939; x_wconf 77' lang='lat' dir='ltr'><strong>Qualis</strong></span> <span class='ocrx_word' id='word_1_243' title='bbox 987 2890 1113 2938; x_wconf 75' lang='lat' dir='ltr'><strong>babentes</strong></span> <span class='ocrx_word' id='word_1_244' title='bbox 1136 2891 1273 2952; x_wconf 83' lang='lat' dir='ltr'><strong>supercilia</strong></span> <span class='ocrx_word' id='word_1_245' title='bbox 1294 2890 1397 2941; x_wconf 70' lang='lat' dir='ltr'><strong>benevim</strong></span> 
     </span>
     <span class='ocr_line' id='line_1_27' title="bbox 308 2961 1399 3032; baseline 0.004 -20"><span class='ocrx_word' id='word_1_246' title='bbox 308 2964 364 3012; x_wconf 84' lang='lat' dir='ltr'><strong>nius</strong></span> <span class='ocrx_word' id='word_1_247' title='bbox 377 2963 420 3012; x_wconf 89' lang='lat' dir='ltr'><strong>lib.</strong></span> <span class='ocrx_word' id='word_1_248' title='bbox 433 2975 471 3013; x_wconf 79' lang='lat' dir='ltr'><strong>rr.</strong></span> <span class='ocrx_word' id='word_1_249' title='bbox 481 2976 539 3026; x_wconf 83' lang='lat' dir='ltr'><strong>cap.</strong></span> <span class='ocrx_word' id='word_1_250' title='bbox 554 2965 596 3012; x_wconf 71' lang='grc'><strong>87.</strong></span> <span class='ocrx_word' id='word_1_251' title='bbox 613 2961 715 3011; x_wconf 82' lang='lat' dir='ltr'><strong>dlrerrn</strong></span> <span class='ocrx_word' id='word_1_252' title='bbox 730 2964 832 3012; x_wconf 84' lang='lat' dir='ltr'><strong>omnino</strong></span> <span class='ocrx_word' id='word_1_253' title='bbox 871 2962 992 3014; x_wconf 84' lang='lat' dir='ltr'><strong>dicuntur</strong></span> <span class='ocrx_word' id='word_1_254' title='bbox 1001 2963 1136 3015; x_wconf 79' lang='lat' dir='ltr'><strong>Aristoteli</strong></span> <span class='ocrx_word' id='word_1_255' title='bbox 1157 2965 1201 3014; x_wconf 88' lang='lat' dir='ltr'><strong>llb.</strong></span> <span class='ocrx_word' id='word_1_256' title='bbox 1222 2965 1255 3014; x_wconf 89' lang='lat' dir='ltr'><strong>de</strong></span> <span class='ocrx_word' id='word_1_257' title='bbox 1273 2965 1399 3032; x_wconf 78' lang='lat' dir='ltr'><strong>Physieg·</strong></span> 
     </span>
     <span class='ocr_line' id='line_1_28' title="bbox 309 3036 1399 3103; baseline 0.001 -15"><span class='ocrx_word' id='word_1_258' title='bbox 309 3052 325 3088; x_wconf 77' lang='lat' dir='ltr'><strong>n</strong></span> <span class='ocrx_word' id='word_1_259' title='bbox 345 3037 468 3088; x_wconf 86' lang='lat' dir='ltr'><strong>Suetonio</strong></span> <span class='ocrx_word' id='word_1_260' title='bbox 490 3045 517 3088; x_wconf 85' lang='lat' dir='ltr'><strong>et</strong></span> <span class='ocrx_word' id='word_1_261' title='bbox 536 3037 645 3087; x_wconf 83' lang='lat' dir='ltr'><strong>Victore</strong></span> <span class='ocrx_word' id='word_1_262' title='bbox 667 3036 699 3084; x_wconf 90' lang='lat' dir='ltr'><strong>de</strong></span> <span class='ocrx_word' id='word_1_263' title='bbox 722 3036 832 3100; x_wconf 76' lang='lat' dir='ltr'><strong>Augusti</strong></span> <span class='ocrx_word' id='word_1_264' title='bbox 873 3040 992 3088; x_wconf 75' lang='lat' dir='ltr'><strong>nomenis</strong></span> <span class='ocrx_word' id='word_1_265' title='bbox 1003 3054 1059 3103; x_wconf 78' lang='lat' dir='ltr'><strong>cap.</strong></span> <span class='ocrx_word' id='word_1_266' title='bbox 1074 3039 1174 3096; x_wconf 89' lang='lat' dir='ltr'><strong>ultimo,</strong></span> <span class='ocrx_word' id='word_1_267' title='bbox 1191 3041 1239 3088; x_wconf 85' lang='lat' dir='ltr'><strong>boe</strong></span> <span class='ocrx_word' id='word_1_268' title='bbox 1252 3047 1292 3088; x_wconf 91' lang='lat' dir='ltr'><strong>est</strong></span> <span class='ocrx_word' id='word_1_269' title='bbox 1301 3042 1399 3103; x_wconf 86' lang='lat' dir='ltr'><strong>trister,</strong></span> 
     </span>
     <span class='ocr_line' id='line_1_29' title="bbox 308 3111 1400 3178; baseline 0.003 -15"><span class='ocrx_word' id='word_1_270' title='bbox 308 3113 389 3163; x_wconf 81' lang='lat' dir='ltr'><strong>oculis</strong></span> <span class='ocrx_word' id='word_1_271' title='bbox 400 3119 497 3170; x_wconf 82' lang='lat' dir='ltr'><strong>narret,</strong></span> <span class='ocrx_word' id='word_1_272' title='bbox 514 3112 607 3162; x_wconf 82' lang='lat' dir='ltr'><strong>‘Divo</strong></span> <span class='ocrx_word' id='word_1_273' title='bbox 622 3111 736 3175; x_wconf 75' lang='lat' dir='ltr'><strong>Augusto</strong></span> <span class='ocrx_word' id='word_1_274' title='bbox 755 3126 832 3176; x_wconf 91' lang='lat' dir='ltr'><strong>equo·</strong></span> <span class='ocrx_word' id='word_1_275' title='bbox 874 3128 918 3164; x_wconf 88' lang='lat' dir='ltr'><strong>sen</strong></span> <span class='ocrx_word' id='word_1_276' title='bbox 931 3120 958 3163; x_wconf 91' lang='lat' dir='ltr'><strong>ut</strong></span> <span class='ocrx_word' id='word_1_277' title='bbox 969 3115 1100 3178; x_wconf 85' lang='lat' dir='ltr'><strong>explicant</strong></span> <span class='ocrx_word' id='word_1_278' title='bbox 1112 3116 1165 3176; x_wconf 77' lang='lat' dir='ltr'><strong>etii,</strong></span> <span class='ocrx_word' id='word_1_279' title='bbox 1176 3116 1274 3165; x_wconf 83' lang='lat' dir='ltr'><strong>levibns</strong></span> <span class='ocrx_word' id='word_1_280' title='bbox 1292 3115 1324 3164; x_wconf 90' lang='lat' dir='ltr'><strong>de</strong></span> <span class='ocrx_word' id='word_1_281' title='bbox 1338 3129 1400 3166; x_wconf 79' lang='lat' dir='ltr'><strong>cau-</strong></span> 
     </span>
     <span class='ocr_line' id='line_1_30' title="bbox 308 3187 1398 3253; baseline 0.003 -16"><span class='ocrx_word' id='word_1_282' title='bbox 308 3205 364 3239; x_wconf 89' lang='lat' dir='ltr'><strong>rnm</strong></span> <span class='ocrx_word' id='word_1_283' title='bbox 375 3204 446 3240; x_wconf 84' lang='lat' dir='ltr'><strong>more</strong></span> <span class='ocrx_word' id='word_1_284' title='bbox 457 3189 540 3252; x_wconf 72' lang='lat' dir='ltr'><strong>glauci</strong></span> <span class='ocrx_word' id='word_1_285' title='bbox 551 3187 633 3247; x_wconf 81' lang='lat' dir='ltr'><strong>lbere,</strong></span> <span class='ocrx_word' id='word_1_286' title='bbox 650 3199 775 3250; x_wconf 81' lang='lat' dir='ltr'><strong>supraque</strong></span> <span class='ocrx_word' id='word_1_287' title='bbox 789 3187 832 3236; x_wconf 86' lang='lat' dir='ltr'><strong>bu·</strong></span> <span class='ocrx_word' id='word_1_288' title='bbox 872 3190 906 3238; x_wconf 85' lang='lat' dir='ltr'><strong>ris</strong></span> <span class='ocrx_word' id='word_1_289' title='bbox 928 3189 1007 3249; x_wconf 83' lang='lat' dir='ltr'><strong>anxii,</strong></span> <span class='ocrx_word' id='word_1_290' title='bbox 1035 3199 1063 3239; x_wconf 86' lang='lat' dir='ltr'><strong>et</strong></span> <span class='ocrx_word' id='word_1_291' title='bbox 1087 3191 1184 3253; x_wconf 81' lang='lat' dir='ltr'><strong>magnis</strong></span> <span class='ocrx_word' id='word_1_292' title='bbox 1205 3192 1272 3238; x_wconf 78' lang='lat' dir='ltr'><strong>ultre</strong></span> <span class='ocrx_word' id='word_1_293' title='bbox 1295 3191 1398 3240; x_wconf 88' lang='lat' dir='ltr'><strong>modum</strong></span> 
     </span>
     <span class='ocr_line' id='line_1_31' title="bbox 308 3263 1398 3326; baseline 0 -12"><span class='ocrx_word' id='word_1_294' title='bbox 308 3263 831 3326; x_wconf 76' lang='lat' dir='ltr'><strong>minemalbienutirniegnitodinlrrquanr</strong></span> <span class='ocrx_word' id='word_1_295' title='bbox 873 3265 968 3312; x_wconf 82' lang='lat' dir='ltr'><strong>vexati.</strong></span> <span class='ocrx_word' id='word_1_296' title='bbox 993 3264 1069 3314; x_wconf 87' lang='lat' dir='ltr'><strong>Oculi</strong></span> <span class='ocrx_word' id='word_1_297' title='bbox 1081 3277 1143 3313; x_wconf 84' lang='lat' dir='ltr'><strong>vero</strong></span> <span class='ocrx_word' id='word_1_298' title='bbox 1156 3265 1230 3314; x_wconf 89' lang='lat' dir='ltr'><strong>nitidi</strong></span> <span class='ocrx_word' id='word_1_299' title='bbox 1243 3266 1326 3314; x_wconf 86' lang='lat' dir='ltr'><strong>eidem</strong></span> <span class='ocrx_word' id='word_1_300' title='bbox 1336 3267 1398 3316; x_wconf 86' lang='lat' dir='ltr'><strong>Pbi·</strong></span> 
     </span>
     <span class='ocr_line' id='line_1_32' title="bbox 308 3338 1398 3403; baseline 0.001 -14"><span class='ocrx_word' id='word_1_301' title='bbox 308 3340 342 3389; x_wconf 88' lang='lat' dir='ltr'><strong>ob</strong></span> <span class='ocrx_word' id='word_1_302' title='bbox 363 3355 464 3389; x_wconf 80' lang='lat' dir='ltr'><strong>oensem</strong></span> <span class='ocrx_word' id='word_1_303' title='bbox 484 3339 634 3403; x_wconf 79' lang='lat' dir='ltr'><strong>diligentius</strong></span> <span class='ocrx_word' id='word_1_304' title='bbox 655 3338 767 3400; x_wconf 70' lang='lat' dir='ltr'><strong>spectari</strong></span> <span class='ocrx_word' id='word_1_305' title='bbox 787 3351 831 3387; x_wconf 83' lang='lat' dir='ltr'><strong>eor</strong></span> <span class='ocrx_word' id='word_1_306' title='bbox 871 3338 978 3402; x_wconf 81' lang='lat' dir='ltr'><strong>losopbn</strong></span> <span class='ocrx_word' id='word_1_307' title='bbox 996 3348 1056 3390; x_wconf 85' lang='lat' dir='ltr'><strong>eunt</strong></span> <span class='ocrx_word' id='word_1_308' title='bbox 1073 3340 1212 3393; x_wconf 80' lang='lat' dir='ltr'><strong>salacitatie</strong></span> <span class='ocrx_word' id='word_1_309' title='bbox 1229 3340 1334 3397; x_wconf 84' lang='lat' dir='ltr'><strong>indicte,</strong></span> <span class='ocrx_word' id='word_1_310' title='bbox 1348 3342 1398 3390; x_wconf 79' lang='lat' dir='ltr'><strong>reri</strong></span> 
     </span>
     <span class='ocr_line' id='line_1_33' title="bbox 308 3411 1398 3478; baseline 0.002 -15"><span class='ocrx_word' id='word_1_311' title='bbox 308 3415 432 3465; x_wconf 80' lang='lat' dir='ltr'><strong>iracunde</strong></span> <span class='ocrx_word' id='word_1_312' title='bbox 445 3413 562 3463; x_wconf 74' lang='lat' dir='ltr'><strong>t&#39;erebot.¹</strong></span> <span class='ocrx_word' id='word_1_313' title='bbox 580 3411 831 3460; x_wconf 80' lang='lat' dir='ltr'><strong>Plinlotamensne·</strong></span> <span class='ocrx_word' id='word_1_314' title='bbox 872 3413 964 3463; x_wconf 83' lang='lat' dir='ltr'><strong>denter</strong></span> <span class='ocrx_word' id='word_1_315' title='bbox 976 3412 1100 3464; x_wconf 82' lang='lat' dir='ltr'><strong>brevioris</strong></span> <span class='ocrx_word' id='word_1_316' title='bbox 1119 3417 1190 3478; x_wconf 83' lang='lat' dir='ltr'><strong>vitre,</strong></span> <span class='ocrx_word' id='word_1_317' title='bbox 1211 3431 1285 3465; x_wconf 79' lang='lat' dir='ltr'><strong>aures</strong></span> <span class='ocrx_word' id='word_1_318' title='bbox 1302 3417 1398 3466; x_wconf 87' lang='lat' dir='ltr'><strong>medio-</strong></span> 
     </span>
     <span class='ocr_line' id='line_1_34' title="bbox 308 3487 1397 3554; baseline 0.004 -16"><span class='ocrx_word' id='word_1_319' title='bbox 308 3489 406 3538; x_wconf 81' lang='lat' dir='ltr'><strong>tontum</strong></span> <span class='ocrx_word' id='word_1_320' title='bbox 418 3503 467 3537; x_wconf 86' lang='lat' dir='ltr'><strong>nnn</strong></span> <span class='ocrx_word' id='word_1_321' title='bbox 482 3490 549 3536; x_wconf 78' lang='lat' dir='ltr'><strong>niele</strong></span> <span class='ocrx_word' id='word_1_322' title='bbox 560 3487 711 3550; x_wconf 68' lang='lat' dir='ltr'><strong>prestolerie,</strong></span> <span class='ocrx_word' id='word_1_323' title='bbox 729 3501 787 3535; x_wconf 89' lang='lat' dir='ltr'><strong>enm</strong></span> <span class='ocrx_word' id='word_1_324' title='bbox 805 3493 832 3537; x_wconf 91' lang='lat' dir='ltr'><strong>et</strong></span> <span class='ocrx_word' id='word_1_325' title='bbox 872 3503 928 3538; x_wconf 85' lang='lat' dir='ltr'><strong>cres</strong></span> <span class='ocrx_word' id='word_1_326' title='bbox 947 3504 1044 3538; x_wconf 87' lang='lat' dir='ltr'><strong>morum</strong></span> <span class='ocrx_word' id='word_1_327' title='bbox 1064 3490 1217 3554; x_wconf 88' lang='lat' dir='ltr'><strong>optimorum</strong></span> <span class='ocrx_word' id='word_1_328' title='bbox 1237 3502 1397 3553; x_wconf 69' lang='lat' dir='ltr'><strong>argumenta.</strong></span> 
     </span>
     <span class='ocr_line' id='line_1_35' title="bbox 308 3561 1397 3627; baseline 0.006 -15"><span class='ocrx_word' id='word_1_329' title='bbox 308 3563 464 3612; x_wconf 82' lang='lat' dir='ltr'><strong>auctoritate</strong></span> <span class='ocrx_word' id='word_1_330' title='bbox 480 3561 584 3626; x_wconf 72' lang='lat' dir='ltr'><strong>virgilii</strong></span> <span class='ocrx_word' id='word_1_331' title='bbox 601 3561 708 3616; x_wconf 85' lang='lat' dir='ltr'><strong>nitatur,</strong></span> <span class='ocrx_word' id='word_1_332' title='bbox 725 3561 768 3624; x_wconf 89' lang='lat' dir='ltr'><strong>qni</strong></span> <span class='ocrx_word' id='word_1_333' title='bbox 786 3562 830 3611; x_wconf 88' lang='lat' dir='ltr'><strong>lib.</strong></span> <span class='ocrx_word' id='word_1_334' title='bbox 872 3563 914 3612; x_wconf 89' lang='lat' dir='ltr'><strong>De</strong></span> <span class='ocrx_word' id='word_1_335' title='bbox 925 3563 1017 3627; x_wconf 87' lang='lat' dir='ltr'><strong>qoibue</strong></span> <span class='ocrx_word' id='word_1_336' title='bbox 1029 3563 1085 3614; x_wconf 74' lang='lat' dir='ltr'><strong>heic</strong></span> <span class='ocrx_word' id='word_1_337' title='bbox 1103 3571 1144 3615; x_wconf 84' lang='lat' dir='ltr'><strong>ert</strong></span> <span class='ocrx_word' id='word_1_338' title='bbox 1159 3579 1233 3614; x_wconf 82' lang='lat' dir='ltr'><strong>mens</strong></span> <span class='ocrx_word' id='word_1_339' title='bbox 1252 3566 1331 3614; x_wconf 83' lang='lat' dir='ltr'><strong>Plinii</strong></span> <span class='ocrx_word' id='word_1_340' title='bbox 1352 3567 1397 3618; x_wconf 83' lang='lat' dir='ltr'><strong>lib.</strong></span> 
     </span>
     <span class='ocr_line' id='line_1_36' title="bbox 308 3635 1398 3705; baseline 0.004 -18"><span class='ocrx_word' id='word_1_341' title='bbox 308 3653 328 3687; x_wconf 88' lang='lat' dir='ltr'><strong>r.</strong></span> <span class='ocrx_word' id='word_1_342' title='bbox 340 3637 441 3686; x_wconf 82' lang='lat' dir='ltr'><strong>AEueid.</strong></span> <span class='ocrx_word' id='word_1_343' title='bbox 451 3637 498 3686; x_wconf 81' lang='lat' dir='ltr'><strong>sub</strong></span> <span class='ocrx_word' id='word_1_344' title='bbox 507 3635 593 3686; x_wconf 74' lang='lat' dir='ltr'><strong>AEneae</strong></span> <span class='ocrx_word' id='word_1_345' title='bbox 604 3649 723 3699; x_wconf 85' lang='lat' dir='ltr'><strong>persons,</strong></span> <span class='ocrx_word' id='word_1_346' title='bbox 731 3637 832 3699; x_wconf 74' lang='lat' dir='ltr'><strong>Angue·</strong></span> <span class='ocrx_word' id='word_1_347' title='bbox 874 3652 914 3688; x_wconf 76' lang='grc' dir='ltr'><strong>ιι.</strong></span> <span class='ocrx_word' id='word_1_348' title='bbox 925 3653 982 3701; x_wconf 82' lang='lat' dir='ltr'><strong>cap.</strong></span> <span class='ocrx_word' id='word_1_349' title='bbox 993 3643 1033 3688; x_wconf 69' lang='lat'><strong>52.</strong></span> <span class='ocrx_word' id='word_1_350' title='bbox 1048 3640 1143 3689; x_wconf 84' lang='lat' dir='ltr'><strong>‘miror</strong></span> <span class='ocrx_word' id='word_1_351' title='bbox 1155 3641 1257 3705; x_wconf 83' lang='lat' dir='ltr'><strong>quidem</strong></span> <span class='ocrx_word' id='word_1_352' title='bbox 1270 3641 1398 3700; x_wconf 77' lang='lat' dir='ltr'><strong>Aristote-</strong></span> 
     </span>
     <span class='ocr_line' id='line_1_37' title="bbox 308 3710 1398 3779; baseline 0.005 -18"><span class='ocrx_word' id='word_1_353' title='bbox 308 3710 831 3774; x_wconf 76' lang='lat' dir='ltr'><strong>tumdubiuproeulindicensnit,‘Nnm·</strong></span> <span class='ocrx_word' id='word_1_354' title='bbox 872 3713 922 3762; x_wconf 90' lang='lat' dir='ltr'><strong>lem</strong></span> <span class='ocrx_word' id='word_1_355' title='bbox 945 3727 994 3763; x_wconf 89' lang='lat' dir='ltr'><strong>nun</strong></span> <span class='ocrx_word' id='word_1_356' title='bbox 1017 3714 1094 3764; x_wconf 88' lang='lat' dir='ltr'><strong>modu</strong></span> <span class='ocrx_word' id='word_1_357' title='bbox 1113 3714 1253 3765; x_wconf 80' lang='lat' dir='ltr'><strong>credidisse</strong></span> <span class='ocrx_word' id='word_1_358' title='bbox 1276 3717 1398 3779; x_wconf 71' lang='lat' dir='ltr'><strong>prescire</strong></span> 
     </span>
     <span class='ocr_line' id='line_1_38' title="bbox 291 3785 1398 3854; baseline 0.005 -20"><span class='ocrx_word' id='word_1_359' title='bbox 291 3810 295 3818; x_wconf 93' lang='lat'>·</span> <span class='ocrx_word' id='word_1_360' title='bbox 308 3803 359 3850; x_wconf 87' lang='lat' dir='ltr'><strong>qne</strong></span> <span class='ocrx_word' id='word_1_361' title='bbox 370 3787 423 3849; x_wconf 82' lang='lat' dir='ltr'><strong>ipsa</strong></span> <span class='ocrx_word' id='word_1_362' title='bbox 435 3787 556 3835; x_wconf 86' lang='lat' dir='ltr'><strong>decorum</strong></span> <span class='ocrx_word' id='word_1_363' title='bbox 567 3785 704 3834; x_wconf 82' lang='lat' dir='ltr'><strong>caesariem</strong></span> <span class='ocrx_word' id='word_1_364' title='bbox 715 3791 776 3833; x_wconf 86' lang='lat' dir='ltr'><strong>neto</strong></span> <span class='ocrx_word' id='word_1_365' title='bbox 787 3799 831 3848; x_wconf 70' lang='lat' dir='ltr'><strong>ge·</strong></span> <span class='ocrx_word' id='word_1_366' title='bbox 871 3787 931 3836; x_wconf 71' lang='lat' dir='ltr'><strong>rite</strong></span> <span class='ocrx_word' id='word_1_367' title='bbox 945 3801 1002 3837; x_wconf 83' lang='lat' dir='ltr'><strong>esre</strong></span> <span class='ocrx_word' id='word_1_368' title='bbox 1015 3788 1101 3853; x_wconf 81' lang='lat' dir='ltr'><strong>nilque</strong></span> <span class='ocrx_word' id='word_1_369' title='bbox 1112 3789 1137 3837; x_wconf 90' lang='lat' dir='ltr'><strong>in</strong></span> <span class='ocrx_word' id='word_1_370' title='bbox 1157 3790 1309 3852; x_wconf 87' lang='lat' dir='ltr'><strong>cerporibus</strong></span> <span class='ocrx_word' id='word_1_371' title='bbox 1325 3791 1398 3854; x_wconf 82' lang='lat' dir='ltr'><strong>ipels,</strong></span> 
     </span>
     <span class='ocr_line' id='line_1_39' title="bbox 306 3859 1398 3930; baseline 0.005 -20"><span class='ocrx_word' id='word_1_372' title='bbox 306 3861 397 3923; x_wconf 84' lang='lat' dir='ltr'><strong>nitrix,</strong></span> <span class='ocrx_word' id='word_1_373' title='bbox 423 3862 560 3925; x_wconf 87' lang='lat' dir='ltr'><strong>lumenque</strong></span> <span class='ocrx_word' id='word_1_374' title='bbox 583 3860 701 3924; x_wconf 68' lang='lat' dir='ltr'><strong>juvente</strong></span> <span class='ocrx_word' id='word_1_375' title='bbox 728 3859 831 3924; x_wconf 84' lang='lat' dir='ltr'><strong>Purpn·</strong></span> <span class='ocrx_word' id='word_1_376' title='bbox 871 3875 960 3910; x_wconf 79' lang='lat' dir='ltr'><strong>rerum</strong></span> <span class='ocrx_word' id='word_1_377' title='bbox 979 3862 1233 3926; x_wconf 63' lang='lat' dir='ltr'><strong>eusmprodttosel</strong></span> <span class='ocrx_word' id='word_1_378' title='bbox 1266 3867 1300 3915; x_wconf 87' lang='lat' dir='ltr'><strong>Et</strong></span> <span class='ocrx_word' id='word_1_379' title='bbox 1321 3867 1398 3930; x_wconf 85' lang='lat' dir='ltr'><strong>paolo</strong></span> 
     </span>
     <span class='ocr_line' id='line_1_40' title="bbox 308 3934 1396 4004; baseline 0.006 -21"><span class='ocrx_word' id='word_1_380' title='bbox 308 3949 390 3998; x_wconf 87' lang='lat' dir='ltr'><strong>reum,</strong></span> <span class='ocrx_word' id='word_1_381' title='bbox 407 3945 433 3986; x_wconf 89' lang='lat' dir='ltr'><strong>et</strong></span> <span class='ocrx_word' id='word_1_382' title='bbox 449 3937 523 3986; x_wconf 73' lang='lat' dir='ltr'><strong>letus</strong></span> <span class='ocrx_word' id='word_1_383' title='bbox 541 3936 619 3986; x_wconf 85' lang='lat' dir='ltr'><strong>oenllr</strong></span> <span class='ocrx_word' id='word_1_384' title='bbox 636 3934 736 3986; x_wconf 78' lang='lat' dir='ltr'><strong>efflaret</strong></span> <span class='ocrx_word' id='word_1_385' title='bbox 753 3936 832 3985; x_wconf 84' lang='lat' dir='ltr'><strong>bono·</strong></span> <span class='ocrx_word' id='word_1_386' title='bbox 871 3934 1016 3998; x_wconf 59' lang='lat' dir='ltr'><strong>lnsrm‘nec</strong></span> <span class='ocrx_word' id='word_1_387' title='bbox 1028 3939 1210 3988; x_wconf 75' lang='lat' dir='ltr'><strong>unlnereabaec</strong></span> <span class='ocrx_word' id='word_1_388' title='bbox 1221 3939 1396 4004; x_wconf 80' lang='lat' dir='ltr'><strong>(utsrbitror)</strong></span> 
     </span>
     <span class='ocr_line' id='line_1_41' title="bbox 308 4009 1397 4081; baseline 0.008 -23"><span class='ocrx_word' id='word_1_389' title='bbox 308 4009 369 4058; x_wconf 64' lang='lat' dir='ltr'><strong>ren?</strong></span> <span class='ocrx_word' id='word_1_390' title='bbox 871 4012 1397 4081; x_wconf 77' lang='lat' dir='ltr'><strong>eedsingnlsobservst,frivols(ntreor)</strong></span> 
     </span>
     <span class='ocr_line' id='line_1_42' title="bbox 340 4085 1397 4152; baseline 0.008 -19"><span class='ocrx_word' id='word_1_391' title='bbox 340 4085 460 4134; x_wconf 76' lang='lat' dir='ltr'><strong>&#39;Leniter</strong></span> <span class='ocrx_word' id='word_1_392' title='bbox 467 4085 593 4150; x_wconf 70' lang='lat' dir='ltr'><strong>inflexam]</strong></span> <span class='ocrx_word' id='word_1_393' title='bbox 605 4085 663 4134; x_wconf 87' lang='lat' dir='ltr'><strong>Nec</strong></span> <span class='ocrx_word' id='word_1_394' title='bbox 674 4085 830 4136; x_wconf 83' lang='lat' dir='ltr'><strong>omninuan·</strong></span> <span class='ocrx_word' id='word_1_395' title='bbox 871 4087 916 4136; x_wconf 84' lang='lat' dir='ltr'><strong>sed</strong></span> <span class='ocrx_word' id='word_1_396' title='bbox 938 4089 1013 4152; x_wconf 74' lang='lat' dir='ltr'><strong>vulgo</strong></span> <span class='ocrx_word' id='word_1_397' title='bbox 1031 4088 1152 4138; x_wconf 61' lang='lat' dir='ltr'><strong>narrata)</strong></span> <span class='ocrx_word' id='word_1_398' title='bbox 1184 4089 1326 4152; x_wconf 74' lang='lat' dir='ltr'><strong>supercilia</strong></span> <span class='ocrx_word' id='word_1_399' title='bbox 1337 4107 1397 4141; x_wconf 80' lang='lat' dir='ltr'><strong>een·</strong></span> 
     </span>
     <span class='ocr_line' id='line_1_43' title="bbox 308 4157 1397 4227; baseline 0.008 -20"><span class='ocrx_word' id='word_1_400' title='bbox 308 4157 430 4214; x_wconf 82' lang='lat' dir='ltr'><strong>ntrlatum,</strong></span> <span class='ocrx_word' id='word_1_401' title='bbox 440 4173 487 4209; x_wconf 89' lang='lat' dir='ltr'><strong>nec</strong></span> <span class='ocrx_word' id='word_1_402' title='bbox 499 4161 575 4211; x_wconf 88' lang='lat' dir='ltr'><strong>etiam</strong></span> <span class='ocrx_word' id='word_1_403' title='bbox 588 4167 697 4209; x_wconf 87' lang='lat' dir='ltr'><strong>rectum.</strong></span> <span class='ocrx_word' id='word_1_404' title='bbox 865 4162 959 4225; x_wconf 70' lang='lat' dir='ltr'><strong>juncta</strong></span> <span class='ocrx_word' id='word_1_405' title='bbox 969 4161 1002 4212; x_wconf 82' lang='lat' dir='ltr'><strong>nd</strong></span> <span class='ocrx_word' id='word_1_406' title='bbox 1012 4162 1104 4226; x_wconf 82' lang='lat' dir='ltr'><strong>poellre</strong></span> <span class='ocrx_word' id='word_1_407' title='bbox 1116 4177 1169 4212; x_wconf 76' lang='lat' dir='ltr'><strong>sue</strong></span> <span class='ocrx_word' id='word_1_408' title='bbox 1181 4165 1397 4227; x_wconf 81' lang='lat' dir='ltr'><strong>pulchritudinem</strong></span> 
     </span>
     <span class='ocr_line' id='line_1_44' title="bbox 340 4231 1251 4299; baseline 0.008 -17"><span class='ocrx_word' id='word_1_409' title='bbox 340 4237 354 4266; x_wconf 81' lang='lat'>²</span> <span class='ocrx_word' id='word_1_410' title='bbox 362 4231 503 4298; x_wconf 74' lang='lat' dir='ltr'><strong>Sufficerent]</strong></span> <span class='ocrx_word' id='word_1_411' title='bbox 515 4235 573 4286; x_wconf 85' lang='lat' dir='ltr'><strong>lloc</strong></span> <span class='ocrx_word' id='word_1_412' title='bbox 582 4234 730 4286; x_wconf 86' lang='lat' dir='ltr'><strong>eetmudlee</strong></span> <span class='ocrx_word' id='word_1_413' title='bbox 741 4233 831 4287; x_wconf 76' lang='lat' dir='ltr'><strong>fleres·</strong></span> <span class='ocrx_word' id='word_1_414' title='bbox 871 4243 981 4299; x_wconf 82' lang='lat' dir='ltr'><strong>exoptet</strong></span> <span class='ocrx_word' id='word_1_415' title='bbox 992 4235 1129 4288; x_wconf 75' lang='lat' dir='ltr'><strong>Anacreon</strong></span> <span class='ocrx_word' id='word_1_416' title='bbox 1140 4237 1200 4289; x_wconf 90' lang='lat' dir='ltr'><strong>Ode</strong></span> <span class='ocrx_word' id='word_1_417' title='bbox 1210 4241 1251 4289; x_wconf 71' lang='lat'><strong>2⁸.</strong></span> 
     </span>
    </p>
   </div>
   <div class='ocr_carea' id='block_1_7' title="bbox 0 0 1608 4918">
    <p class='ocr_par' dir='ltr' id='par_1_8' title="bbox 0 0 1608 4918">
     <span class='ocr_line' id='line_1_45' title="bbox 0 0 1608 4918; baseline 0 0"><span class='ocrx_word' id='word_1_418' title='bbox 0 0 1608 4918; x_wconf 95' lang='lat' dir='ltr'><strong> </strong></span> 
     </span>
    </p>
   </div>
  </div>
 </body>
</html>
