3208 4918
318 433 384 498 386
747 448 778 494 c.
801 441 999 493 suurourr·

317 607 418 654 manu
443 593 595 669 gestaret,
618 587 823 669 reposuisse.
881 587 953 650 At³
979 583 1175 668 insequenti,
1197 581 1415 654 ¹animadver-

318 691 398 754 tisse
419 708 455 752 se
474 689 508 751 iu
524 689 646 770 gremio
661 687 846 770 Capitolini
859 687 957 750 Jovis
971 685 1107 749 eundem
1124 703 1286 767 puerum:
1309 704 1412 767 quern

318 811 394 855 cum
409 789 537 853 detrahi
554 790 721 873 jussisset,
737 788 939 870 prohibitum
964 787 1091 849 monitu
1108 786 1184 862 Dei,
1206 793 1365 868 tauquam
1381 787 1414 850 is

317 891 359 955 ad
375 892 517 955 tutelam
539 889 777 973 Reipublicae4
794 889 999 954 educaretur.
1041 886 1095 952 Ac
1110 888 1166 951 dio
1181 887 1336 970 proximu
1351 889 1412 950 ob·

316 994 407 1057 vium
422 993 487 1055 sibi
500 991 701 1074 Augustum,
719 1011 795 1056 cum
815 993 1017 1072 incognitum
1039 989 1145 1053 alias5
1170 990 1319 1063 haberet,
1342 1007 1411 1052 uon

317 1096 389 1159 sine
405 1094 622 1158 admiratione
637 1093 817 1171 contuitus,
833 1092 1036 1157 simillimum
1053 1090 1140 1155 dixit
1154 1108 1272 1173 puero,
1289 1090 1407 1172 dequo

316 1197 526 1260 somniasset.
571 1193 721 1270 Quidam
746 1193 838 1276 prius
864 1194 1025 1256 somnium
1050 1192 1160 1258 Catuli
1184 1192 1280 1256 uliter
1303 1211 1412 1274 expo·

314 1303 409 1373 nunt,
426 1295 524 1380 quusi
538 1294 674 1376 Jupiter
688 1294 917 1377 compluribus
936 1293 1161 1375 praetextatis,
1177 1300 1319 1357 tutorem
1336 1312 1359 1357 e
1372 1313 1410 1356 se

314 1399 544 1482 poscentibus,
558 1413 659 1459 uuum
682 1413 726 1457 ex
748 1395 796 1457 eis
819 1393 1094 1470 demonstrasset,
1109 1393 1152 1458 ad
1177 1411 1276 1476 quem
1298 1394 1411 1456 omniu

315 1498 480 1563 desideria
507 1516 569 1561 sua
592 1496 774 1561 referrent:
799 1496 941 1580 ejusque
971 1496 1126 1560 osculum
1153 1493 1340 1560 delibatum
1360 1495 1410 1560 di·

313 1601 393 1682 gitis
417 1600 460 1663 ed
483 1619 522 1662 os
546 1619 640 1663 suum
664 1597 855 1661 retulisset.o
899 1595 950 1660 Μ.
966 1596 1095 1672 Cicero,
1110 1593 1166 1659 C.⁶
1187 1593 1357 1659 Caesarem
1372 1597 1408 1659 in

315 1700 522 1782 Capitolium
537 1705 747 1782 prosecutae,
764 1699 929 1763 somnium
943 1698 1094 1782 pristiure
1109 1698 1220 1762 noctis
1235 1696 1408 1762 familiari·

313 1797 379 1864 bus
393 1801 479 1865 sorte
493 1802 666 1864 narrabat:
681 1818 833 1882 puerum,
848 1799 936 1863 lucie
950 1799 1087 1874 liberali,
1097 1797 1279 1862 demissum
1295 1799 1406 1862 coelo⁷

314 1907 436 1965 cateno
457 1919 570 1978 aurea,
585 1900 627 1965 ad
650 1901 741 1964 iores
761 1899 925 1983 Capitolii
949 1900 1155 1977 constitisse,
1170 1899 1268 1981 eique
1281 1897 1406 1963 lovem

312 1998 496 2082 flagellumf
507 2000 709 2080 tradidisso;
731 2000 864 2079 deinde,
880 2006 1019 2082 repente
1033 1999 1188 2082 Augusto
1204 2001 1289 2075 viso,
1304 2019 1406 2083 quem

311 2102 459 2186 ignotum
481 2102 592 2167 adhuc
607 2102 778 2186 plerisque
792 2101 1003 2166 avunculus⁸
1026 2100 1142 2165 Caesar
1155 2099 1201 2164 ed
1215 2098 1406 2164 sacrificen-

769 2277 956 2302 Omnino

311 2418 355 2461 eet
365 2413 489 2464 Turn-t
504 2413 584 2475 Atque
599 2413 672 2474 irrep.
687 2409 785 2460 Medic.
797 2414 821 2460 2.
838 2410 912 2460 cort.
928 2408 1011 2459 Petis.
1030 2408 1145 2459 Heriem.
1162 2415 1190 2457 et
1205 2407 1273 2458 Edd.
1284 2408 1406 2458 Vere-s

310 2477 352 2526 Ar
362 2483 409 2524 tut.
422 2477 524 2526 meant
534 2492 571 2538 po.
587 2475 665 2524 Vind.
675 2478 699 2524 l.
735 2474 805 2523 Delu
814 2475 917 2536 pssimi
928 2475 1034 2536 Cui-5
1053 2473 1128 2529 Quem
1136 2473 1214 2533 integ.
1225 2472 1281 2521 eliis
1290 2471 1405 2522 Heriem.

311 2547 472 2652 {leuitt
486 2536 1407 2663 ⁹t.tl·1›lttt.¹lt··t⁰;titlt·;.t.it‘t.t⁰’·.⁰t:t⁰.t¹:r

310 2667 381 2715 Iluu.
393 2668 472 2716 Fouc.
490 2664 586 2714 Medic.
598 2670 622 2713 2.
636 2665 717 2715 Polit.
729 2664 809 2714 Viud.
820 2669 844 2713 2.
857 2665 917 2726 cuj.
936 2665 1004 2728 quud
1027 2679 1165 2726 reposuere
1184 2663 1255 2713 Oud.
1267 2662 1346 2712 Wolf.
1365 2667 1405 2713 de·

310 2731 381 2778 missu
392 2745 435 2778 ee.
455 2731 560 2779 Memm.
577 2729 676 2776 dmum
686 2743 699 2776 e
709 2743 729 2776 e.
748 2728 845 2778 Medic.
861 2732 884 2777 1.
897 2733 920 2776 s.
937 2728 1163 2778 vindiceatum
1178 2729 1233 2776 eolo
1250 2728 1314 2789 Cep.
1331 2727 1407 2776 lluls.

310 2797 360 2840 -8
377 2793 480 2856 Pterisq.
491 2794 546 2841 udi.
555 2808 639 2841 ursae.
651 2799 704 2841 tres
712 2791 808 2842 Medic.
820 2791 899 2840 vinu.
910 2796 935 2841 2.
947 2792 1015 2841 Dan.
1024 2792 1120 2854 plerisp.
1130 2805 1213 2840 ιιιιιιιιι.
1221 2791 1276 2838 adl.
1293 2791 1371 2838 Viud.
1382 2796 1404 2840 l.

310 2857 396 2905 Petis.
405 2858 477 2906 eost.
487 2856 556 2908 Edd.
569 2857 643 2907 Bous.
653 2856 719 2906 Veu.
731 2856 840 2906 Medici.
850 2856 918 2905 uude
930 2855 1000 2906 Oud.
1016 2863 1162 2919 suspectum
1174 2863 1215 2904 est
1226 2855 1309 2904 adise.
1336 2855 1404 2905 Dein

805 3033 912 3084 Now

310 3127 388 3177 detur
406 3126 668 3190 tumultisuummis;
687 3133 715 3177 et
733 3129 839 3178 uisilllu
879 3128 985 3192 Digitus
1018 3143 1077 3180 suus
1100 3130 1193 3180 dorem
1213 3125 1245 3177 sd
1276 3141 1305 3176 os
1329 3129 1403 3191 pueri

309 3201 839 3267 sit,quidfrserit,iuteturrrescireseCu·
879 3203 1033 3262 sdmorisse,
1072 3205 1208 3268 osculoque
1242 3203 1310 3252 illins
1341 3203 1404 3252 deli·

310 3277 454 3326 ssubonus:
474 3277 596 3343 quicquid
609 3277 634 3328 id
647 3289 699 3341 est,
718 3289 837 3330 constare
879 3280 949 3340 beto,
977 3280 1009 3331 sd
1033 3295 1105 3330 suum
1131 3279 1211 3342 ipsius
1237 3292 1265 3327 us
1287 3279 1405 3328 retulisse

308 3351 414 3402 videtur
437 3353 537 3416 siguum
571 3353 635 3403 illud
665 3352 755 3411 luisse.
786 3369 838 3419 quo
878 3357 1002 3416 osculum,
1042 3355 1113 3420 qussi
1142 3353 1231 3416 digitis
1270 3353 1405 3416 inlraereus,

308 3427 449 3492 diplomsts
460 3429 563 3492 alisque
581 3428 607 3476 id
627 3443 707 3490 gertus
724 3417 837 3493 Reipub·
877 3429 945 3493 quod
954 3429 1061 3480 sdorsre
1069 3427 1214 3478 dicebatur.
1246 3427 1348 3490 Deque
1358 3428 1404 3475 sd·

308 3503 366 3552 lice
385 3505 487 3552 nomine
514 3503 727 3566 obsignabantur.
760 3505 837 3555 Unde
877 3503 1004 3555 hucinirs
1024 3505 1101 3555 Gelu.
1119 3508 1181 3552 ot.
1198 3508 1227 3552 et
1244 3501 1342 3552 Plinius
1358 3501 1404 3552 lib.

308 3577 423 3628 futurem
435 3579 548 3642 Augusti
568 3578 768 3629 dominationem
787 3594 837 3629 nou
877 3595 983 3632 xxvsu.
995 3597 1019 3633 c.
1031 3587 1055 3632 2.
1065 3581 1113 3632 sub
1125 3581 1212 3643 linem,
1221 3581 1230 3610 ‘
1239 3581 1263 3630 in
1273 3579 1405 3630 morando

307 3656 436 3705 immerito
455 3654 630 3718 colligebant;
649 3655 788 3705 mutientes
799 3662 836 3705 et·
877 3657 998 3706 dextrsus
1015 3658 1174 3707 rudusculum
1186 3655 1336 3715 referimus,’
1356 3659 1406 3706 dre.

308 3735 376 3782 euim
389 3732 497 3796 sigilium
511 3746 583 3779 suum
594 3732 647 3780 sive
659 3731 837 3794 sunalumsig-
877 3731 913 3780 Et
927 3731 1104 3783 Jureconsulti
1116 3730 1148 3781 sd
1164 3733 1247 3794 legem
1261 3729 1404 3781 mendice

308 3809 436 3859 uetorlum
462 3806 653 3858 srrcressoribus
676 3807 728 3857 suis
752 3807 837 3856 trude·
876 3807 910 3857 de
920 3807 1126 3862 Febrleeuribus,
1136 3809 1186 3856 erc.

310 3885 385 3935 bunt.
418 3883 492 3936 Quod
516 3884 582 3932 enirn
602 3882 674 3932 etde
686 3882 837 3933 Alexandro
913 3881 1089 3946 fungerem]
1118 3879 1305 3944 Oppriureudae
1328 3880 1405 3930 liber·

310 3959 836 4011 morientenarrsto.circumiremus
877 3957 939 4006 tstis
965 3957 1076 4020 signum,
1098 3953 1178 4018 flsgrs
1210 3955 1309 4018 quippe
1337 3957 1404 4006 cudi

309 4036 385 4098 vulgo
406 4035 521 4098 trudunt,
543 4043 570 4084 et
596 4035 629 4085 de
654 4035 762 4084 Tiberio
783 4049 836 4084 mo·
876 4033 1005 4085 Quiritem
1019 4031 1099 4081 uet'ss.
1133 4030 1210 4080 Unde
1225 4028 1404 4084 turenses·-

310 4109 393 4158 riente
405 4111 543 4160 Suetonius
560 4126 582 4160 e.
593 4115 634 4160 ⁷8.
651 4111 739 4161 Tiber.
759 4118 786 4160 et
802 4111 836 4160 de
876 4110 919 4159 tir.
931 4122 959 4158 x.
971 4123 1005 4157 rs.
1018 4111 1075 4156 lut.
1086 4107 1118 4156 de
1130 4105 1209 4166 tutto,
1226 4102 1284 4153 ‘Ad
1296 4117 1343 4154 sus
1358 4108 1405 4171 qui

309 4182 418 4247 privatis
430 4187 507 4234 etism
519 4185 662 4235 heredibus
673 4187 803 4236 Valerius.
875 4183 986 4234 domitos
1000 4183 1107 4233 deduxit
1118 4178 1341 4242 unguentum*

341 4257 648 4323 elemosmarum]
671 4260 766 4310 Sensus
783 4265 834 4316 est.
