3208 4918
300 383 366 450 386
723 399 756 443 c.
778 395 961 444 suuuourr

302 542 339 606 Si
370 539 504 624 quando
523 537 602 622 quid
617 546 644 576 ¹⁰
672 544 809 616 secrato,
836 545 897 600 aut
920 537 990 600 sine
1012 535 1273 620 interpellatione
1296 551 1392 618 agera

301 641 547 724 proposuisset,
563 645 632 704 erat
646 640 694 704 illi
714 639 811 704 locus
833 640 866 702 in
887 637 977 702 edito
992 637 1178 718 singularis,
1193 657 1291 719 quem
1305 643 1314 671 ‘
1328 639 1393 720 Sy-

301 739 455 808 racusas'
471 739 690 823 etreppo'poor¹
705 736 890 803 fuocabat:
907 737 971 801 buc
988 739 1159 814 transibat,
1175 740 1273 802 autin
1289 739 1393 802 alicu·

297 841 356 922 jus
370 841 564 904 libertorum
577 849 589 876 ²
608 841 849 918 suburbanum
873 845 1083 920 egerentem
1103 840 1137 902 in
1151 839 1251 903 domo
1267 838 1393 904 Maece-

301 941 389 1004 natis
420 942 578 1005 cubabat.
636 941 691 1005 Ex
719 941 914 1005 secessibus
943 941 1115 1023 praecipue
1141 939 1392 1023 frequentavit³

301 1043 478 1118 maritime,
487 1042 676 1126 insulasque
689 1040 911 1122 Germanice
921 1048 979 1104 aut
989 1041 1143 1123 proxima
1160 1040 1243 1104 Urbi
1255 1040 1392 1122 oppida,

303 1143 500 1218 Lanuvium,
535 1140 738 1218 Praeneste,¹¹
769 1141 897 1205 Tibur:
933 1143 991 1204 ubi
1021 1143 1122 1206 etium
1147 1142 1180 1204 in
1206 1141 1392 1224 porticibus

302 1241 462 1306 Herculis
488 1240 619 1326 templii
644 1261 797 1324 persaepe
817 1241 876 1324 jus
899 1241 996 1305 dixit.
1023 1243 1169 1338 ⁸Ampla
1191 1251 1226 1304 et
1250 1260 1393 1322 operosa

301 1340 482 1425 praetoriak
498 1344 712 1424 gravabatur.
756 1343 801 1407 Et
815 1344 925 1425 neptis
949 1342 1084 1425 quidem
1106 1363 1179 1407 suae
1192 1341 1307 1418 Julian,
1319 1361 1394 1424 pro·

206 1481 210 1488 ·
301 1442 376 1506 fuse
401 1445 444 1507 ab
465 1463 506 1507 ea
528 1451 730 1522 exstructor
755 1444 858 1508 etiem
878 1443 980 1506 diruit
1005 1443 1050 1506 ad
1073 1443 1200 1507 solum:
1225 1461 1287 1506 sua
1302 1462 1393 1520 vero,

291 1735 385 1784 ·Gron.
405 1749 452 1798 pro
470 1734 498 1784 ire
520 1735 584 1786 Urbe
602 1737 653 1798 legi
672 1736 761 1786 meluit
777 1737 876 1792 mardie,
896 1735 1040 1798 probatque
1052 1736 1115 1785 Ern-
1126 1735 1186 1798 qule
1202 1733 1227 1783 in
1245 1748 1325 1798 marg.
1343 1735 1393 1784 Ed.

302 1799 403 1861 Gryplr.
416 1803 487 1848 1589.
499 1800 598 1848 ameide
614 1801 687 1864 quael
705 1815 721 1848 e
737 1801 790 1848 Me.
801 1809 917 1850 notatum
930 1801 1072 1849 invenerat.
1100 1801 1146 1848 ‘Si
1167 1799 1228 1863 qnid
1244 1800 1393 1848 mutandum

301 1864 443 1921 uideretur,
454 1866 522 1926 quod
532 1879 614 1928 oeque
623 1864 716 1914 Wolfio
726 1865 831 1926 placuit,
843 1867 954 1926 legerem
965 1880 972 1913 ι
985 1870 1009 1912 et
1020 1865 1165 1927 euomuit...
1174 1865 1329 1925 experiretur,
1335 1864 1394 1911 ceei-

301 1928 347 1974 due
358 1927 384 1974 in
395 1927 425 1975 U.
437 1927 566 1976 biernooit!
583 1929 689 1992 Brumg.
726 1929 804 1978 axem
814 1929 895 1978 urbem
905 1929 1029 1977 exhibent
1037 1929 1133 1976 Medic.
1147 1932 1169 1976 1.
1181 1932 1205 1975 3.
1218 1927 1297 1976 Polit·
1316 1926 1394 1975 Vind.

301 1993 326 2038 2.
338 1990 408 2038 Οοιι.
421 1991 485 2053 Cop.
498 1993 668 2055 [congel-lb
687 1994 755 2048 Quod
767 1993 873 2040 Meuuu.
884 1997 971 2041 secrete
983 1993 1094 2040 llerleru.
1106 1993 1177 2040 Cor-t.
1189 1991 1257 2040 Edd.
1269 1993 1342 2040 Rom.
1354 2006 1393 2052 pr.

301 2054 367 2102 Ven.
377 2054 485 2103 Mediol.
495 2057 569 2105 Cald.
579 2057 643 2105 Bon.
653 2057 737 2120 Lugd·
760 2057 822 2104 Mox
834 2057 857 2105 ei
865 2057 927 2105 locue
937 2055 1036 2104 Medic.
1048 2060 1072 2104 l.
1084 2056 1160 2104 Viud.
1171 2060 1195 2104 2.
1205 2063 1232 2104 et
1242 2057 1318 2104 edicto
1329 2055 1393 2116 cop.

301 2123 347 2166 -l
370 2117 530 2182 Teclmople'ore
542 2121 646 2169 Momm.
656 2122 751 2170 Medic.
763 2129 796 2167 tr.
807 2121 885 2168 Fonc.
899 2121 963 2181 Cop.
982 2121 1097 2169 llerlem.
1107 2129 1134 2168 et
1144 2119 1212 2168 Edd.
1224 2121 1297 2169 Vett.
1310 2119 1394 2167 Terbo·

298 2181 372 2244 plion
383 2183 448 2233 Ven.
459 2189 483 2232 2.
495 2187 519 2232 a.
539 2186 668 2246 Tegrretioe
680 2185 737 2248 Cuj.
756 2184 888 2246 Teuopbiore
898 2183 976 2231 Vind.
989 2188 1013 2232 1.
1026 2185 1160 2246 Cenoptioe
1170 2183 1247 2231 Vind.
1264 2187 1288 2232 2.
1305 2183 1349 2231 red
1368 2183 1393 2231 in

299 2258 379 2308 marg.
392 2247 548 2310 Tegnopbiom
561 2257 589 2296 ut
599 2251 624 2297 iu
637 2248 716 2297 Pollt.
729 2248 779 2296 Me.
803 2247 912 2296 Arrldct
925 2249 986 2296 Ero.
999 2249 1102 2296 Trilleri
1114 2247 1264 2310 conjectura
1275 2245 1395 2307 τεχνόφιι-

301 2315 400 2358 rou-2
418 2309 493 2360 lluuo
504 2312 614 2360 Ceeeub.
634 2313 823 2360 restitutionem
841 2310 995 2360 confirmant
1015 2313 1120 2360 lllemm.
1136 2311 1234 2360 Medic.
1245 2315 1268 2360 l.
1280 2316 1304 2360 ³.
1316 2312 1394 2359 Vlud.

301 2373 402 2420 eruet
413 2373 491 2425 llouc.
503 2383 530 2424 et
540 2376 605 2426 Mae.
616 2376 690 2424 Torr.
700 2377 760 2424 Ure.
794 2375 824 2424 lu
842 2375 930 2423 multie
947 2375 1029 2424 Codd.
1048 2385 1072 2423 et
1086 2375 1153 2423 Edd.
1166 2376 1239 2423 Vett.
1257 2389 1288 2422 nc
1301 2375 1393 2423 Pittaci

301 2436 520 2486 libertinorum&
539 2440 683 2502 Frequenter
696 2439 812 2489 Herlem.
845 2440 908 2487 Mox
927 2440 1052 2488 caunum
1064 2439 1125 2488 Liri.
1139 2441 1219 2488 Fouc.
1233 2439 1315 2487 Perit.
1327 2439 1394 2487 Her·

301 2499 362 2549 lem.
380 2501 437 2563 Cuj.
457 2503 529 2551 Cort.
547 2511 575 2552 et
592 2503 660 2553 Edd.
671 2505 743 2552 Vett.
759 2503 816 2552 fere
834 2504 867 2552 0.
884 2503 916 2551 ed
934 2504 993 2551 Bae.
1010 2503 1160 2552 lucerinum
1176 2503 1241 2564 Cop.
1259 2503 1355 2552 Medic.
1369 2507 1393 2551 l.
1481 2540 1484 2546 .

300 2562 418 2614 Lorium
428 2563 495 2614 Edd.
507 2567 580 2616 Rom.
607 2568 673 2617 Dein
682 2567 791 2630 perettus
799 2567 858 2630 Cuj.
869 2577 896 2618 et
906 2567 1077 2630 repeMedic.
1090 2571 1161 2616 l.-t
1171 2567 1270 2616 Structo
1281 2567 1361 2616 Vind.
1369 2571 1394 2618 2.

793 2759 902 2811 NOTIE

240 2877 243 2883 ’
333 2867 502 2934 ἴτεχνόφυον]
521 2871 705 2922 tinnientem
717 2871 825 2936 produc·
867 2872 989 2936 colligere
999 2881 1048 2922 eet.
1074 2873 1200 2923 Proceree
1209 2873 1276 2922 enirn
1287 2873 1394 2922 Romani

301 2943 353 2992 tio:
373 2954 413 2995 eet
425 2960 440 2993 ιι
453 2959 513 2994 voce
524 2943 608 3009 τέχνη,
620 2948 668 2996 boc
679 2955 721 2997 eet
734 2961 783 3003 ere,
798 2956 826 2996 et
866 2955 957 2998 estete
976 2947 1134 2996 recedebunt
1151 2948 1176 2996 iu
1195 2947 1324 2996 Praetoria
1339 2963 1393 3002 rue,

300 3018 360 3082 φύν,
369 3020 416 3070 boc
427 3027 468 3070 cet
475 3036 571 3086 genero,
583 3023 650 3086 quod
661 3024 694 3072 ed
706 3024 824 3072 excolen-
866 3021 998 3084 oregnifice
1005 3023 1057 3072 illic
1066 3030 1200 3070 exstructo
1207 3039 1215 3081 ς
1226 3022 1295 3072 unde
1304 3028 1393 3070 ‘erute-

299 3095 356 3158 dae,
367 3094 584 3158 excogitendeere
596 3105 664 3146 eetee
680 3098 742 3146 illuc
753 3111 824 3147 eene·
865 3111 898 3146 ne
907 3097 1098 3147 littorum'rrur’
1110 3098 1196 3160 ἐξοχὴν
1209 3112 1254 3160 pro
1266 3099 1328 3148 locie
1340 3113 1394 3147 om-

300 3169 383 3228 deret,
402 3185 477 3235 quem
488 3173 571 3222 locum
583 3170 753 3236 ‘Syracusae’
765 3187 825 3236 qno·
866 3173 892 3220 ni
904 3187 1000 3236 gernere
1012 3175 1153 3238 voluptatis
1164 3172 1337 3233 effluentibus,
1345 3175 1394 3223 Ta·

300 3261 350 3310 que
373 3245 538 3310 appellabas
557 3263 591 3298 ex
611 3263 682 3304 more
705 3249 748 3313 qui
771 3257 826 3298 torn
866 3250 935 3299 citur
956 3247 1026 3298 Hier.
1050 3264 1093 3298 ιιι.
1116 3255 1158 3298 td.
1178 3251 1277 3300 ‘noctu
1300 3250 1394 3314 dieque

301 3321 827 3382 temporieiuvelueret,utdeliceteetiem‚
865 3321 1396 3388 fluxi,eterrroenelittorumpereonentee.'

300 3396 322 3446 ei
333 3395 370 3446 eic
380 3395 497 3460 loquitar
509 3404 558 3458 eet,
566 3399 677 3462 nomine,
689 3405 717 3448 et
727 3413 743 3447 ιι
753 3397 824 3449 Gren-
867 3399 991 3450 Aurelius
1006 3401 1098 3452 Victor
1117 3401 1142 3450 in
1160 3400 1308 3462 Aureliano,
1319 3408 1395 3465 ‘qnee

299 3472 337 3520 cie
356 3471 447 3533 petite,
468 3473 533 3520 villi·
551 3473 604 3522 euin
621 3473 790 3536 imponerent,
803 3487 827 3520 r.
866 3474 894 3523 in
906 3483 1005 3525 tentum
1018 3474 1165 3538 petulantie
1181 3482 1344 3536 proruperat,
1364 3484 1395 3526 ut

300 3561 325 3611 g.
336 3545 487 3608 Academia,
499 3547 675 3611 Peueyllpum,
691 3555 720 3597 et
738 3555 828 3597 cetere
865 3549 891 3598 in
904 3550 1043 3612 campanie
1054 3549 1155 3603 redens,
1168 3561 1266 3596 emoena
1275 3548 1393 3601 littorum

300 3623 426 3685 ejueurodi
447 3624 586 3674 celebrium
609 3626 743 3686 uillerum5
771 3628 827 3676 eive
867 3625 1078 3681 obsideret‚'&c.

300 3697 379 3748 etiarn
395 3705 425 3748 ut
442 3697 572 3762 innueret,
590 3707 641 3749 tem
657 3700 761 3762 plaeere
778 3701 826 3752 eibi
898 3700 1063 3760 theunium,
1073 3701 1202 3756 Praeme,
1212 3702 1264 3765 tro]
1276 3703 1339 3753 Latii
1350 3719 1394 3767 op·

299 3775 382 3824 locum
402 3775 482 3837 illum,
499 3790 573 3839 quern
593 3777 704 3827 delicato
723 3777 826 3827 cuidem
868 3777 941 3840 pide:
961 3778 1023 3826 illud
1036 3775 1217 3826 diciturbodie
1231 3778 1392 3828 Ciuitulndr·

299 3849 434 3913 Syracuse
446 3851 617 3901 emonieeime
624 3853 719 3902 Siciliae
727 3851 826 3903 ciritae.
865 3853 929 3916 ciro,
940 3853 988 3901 hoc
1001 3867 1061 3901 uero
1072 3853 1219 3903 Peleetrine.

333 3921 495 3988 almumque
508 3925 656 3992 Caepario]
674 3927 706 3976 ln
718 3928 761 3976 illo
769 3929 827 3978 riou
897 3928 904 3962 ¹
920 3929 1034 3978 Herculia
1046 3927 1139 3992 templi]
1156 3929 1225 3978 Hine
1237 3929 1316 3978 Tibur
1326 3928 1393 3978 Her·

302 4007 363 4048 eunt
380 3999 544 4058 Pandeteria,
565 4017 623 4066 cap.
635 4008 678 4052 66.
714 4001 827 4066 AEnerie,
867 4006 966 4054 culeum
985 4005 1050 4054 dixit
1070 4005 1200 4054 Martialis
1219 4005 1263 4055 lib.
1278 4019 1299 4055 1.
1316 4004 1393 4068 Epig.

300 4072 376 4120 hodie
398 4073 487 4136 leobio,
508 4077 625 4139 Capreae,
645 4081 696 4128 duc.
740 4079 824 4128 Quam
869 4083 908 4127 le.
933 4079 1010 4128 ‘ltur
1028 4079 1060 4127 ed
1083 4079 1206 4130 Herculei
1225 4081 1322 4144 gelidae
1342 4093 1393 4140 quc

302 4159 362 4192 vero
377 4147 402 4194 in
415 4149 514 4198 deliciie
533 4149 610 4202 uteru
621 4153 702 4202 omnia
712 4154 768 4202 bno
781 4167 826 4202 ore
865 4155 966 4204 Tiburis
979 4155 1068 4206 eecce!
1095 4156 1178 4218 Calig.
1189 4170 1212 4204 c.
1222 4160 1247 4206 8.
1264 4155 1338 4206 bodie
1352 4155 1394 4204 rt-

302 4221 459 4286 Ceurpeuie,
473 4225 610 4277 innumeris
621 4237 754 4278 auctorum
766 4227 827 4278 locis
866 4231 923 4278 ooli.
