3120 4926
634 467 839 517 russerie.
1270 454 1292 520 5

199 612 302 675 etiarn
316 629 406 674 nora
420 610 510 674 haud
525 630 634 693 panca
646 612 677 674 ei
692 613 929 694 suppetebant,
953 619 988 675 et
1010 613 1244 696 comparandis
1260 615 1294 674 et

201 711 385 792 digerendis
401 711 589 794 diligentia,
601 719 757 777 accurate
769 713 891 794 linguae
903 719 937 776 et
950 733 1057 776 rerum
1074 714 1226 789 scientia,
1238 713 1294 796 ju·

201 813 282 876 dicii
296 812 438 896 denique
454 813 621 890 acumine,
632 819 670 876 ut
681 813 803 895 primas
818 816 850 877 in
865 813 1063 878 demerendo
1077 813 1142 878 hoc
1156 821 1293 878 auctore
1387 881 1398 902 ‚

201 913 498 995 partesrindica're
513 914 578 978 sibi
592 922 716 997 posset.
759 913 815 978 lta
829 915 910 978 mihi
937 915 1070 993 saltem,
1094 916 1122 979 si
1146 915 1294 999 profiteri

201 1012 292 1090 licet,
315 1014 405 1096 quod
426 1016 545 1091 sentio,
569 1035 702 1097 semper
723 1015 789 1080 fuit
811 1034 1017 1096 persuasum,
1039 1035 1144 1100 neque
1159 1015 1294 1081 flectere

201 1116 316 1196 potuit
339 1118 486 1180 animum
511 1117 695 1181 auctoritas
722 1116 867 1180 nominis
894 1117 1088 1187 Ernestiani,
1111 1117 1303 1181 communis

201 1217 320 1298 patriae
337 1215 448 1280 studio
462 1217 604 1281 sonasse
619 1215 747 1300 adjuta.
782 1216 984 1300 Quanquam
1000 1219 1085 1280 enim
1101 1225 1173 1282 toto
1185 1218 1294 1282 animo

204 1317 248 1381 ab
269 1316 313 1381 iis
338 1337 412 1380 snm
436 1318 573 1392 alienus,
596 1318 655 1399 qni
675 1317 776 1381 hodie
790 1317 824 1380 id
840 1318 936 1382 unice
951 1322 1063 1399 agunt,
1079 1323 1115 1382 ut
1128 1319 1163 1381 in
1181 1317 1298 1381 Ernes-

203 1418 286 1481 tium
301 1418 425 1502 ubique
438 1420 646 1496 invehantur,
668 1425 711 1496 et,
727 1438 795 1502 quc
811 1419 917 1503 major
932 1419 1094 1501 superiori
1109 1437 1184 1482 aevo
1197 1418 1296 1500 hujus

203 1518 267 1582 riri
282 1518 456 1585 celebritas
480 1521 554 1596 fuit,
578 1539 619 1584 eo
643 1521 784 1602 graviori
809 1520 995 1584 acerbitate
1009 1520 1051 1583 da
1068 1519 1206 1583 summis
1221 1519 1295 1602 ejus
1337 1561 1339 1566 ·

203 1621 334 1684 meritis
349 1641 409 1703 per
423 1622 604 1705 quamlibet
618 1623 830 1685 occasionem
847 1621 1030 1695 detrahant,
1053 1639 1171 1702 negare
1186 1627 1295 1684 tamen

204 1739 345 1803 nequeo,
366 1741 484 1804 parum
510 1739 640 1804 semper
662 1721 743 1786 mihi
767 1722 933 1805 placuisse
951 1721 1145 1797 editionum,
1161 1737 1246 1802 quas
1261 1719 1297 1782 in

200 1821 499 1903 juventutisrusum
514 1823 716 1906 procuravit,
730 1822 901 1886 rationein.
945 1819 1104 1903 Aspersae
1119 1821 1204 1884 enim
1221 1820 1298 1884 sub-

203 1920 431 1998 inde-notulae,
454 1923 605 2004 quumvis
631 1923 787 1986 eximiam
805 1941 934 2004 semper
948 1920 1091 2005 prodant
1107 1921 1167 1984 riri
1190 1920 1298 1984 erudi·

206 2024 341 2098 tionem,
363 2023 448 2087 adeo
471 2029 514 2087 ex
540 2043 632 2086 mero
657 2024 762 2104 magis
786 2024 905 2098 lubitu,
926 2041 1025 2106 quarn
1041 2029 1131 2085 certo
1146 2022 1298 2098 consilio,

204 2123 366 2205 proiecte
380 2123 543 2200 videntur,
566 2131 604 2188 ut
621 2124 867 2207 praetermissis,
882 2143 967 2206 quas
983 2123 1145 2206 plurimas
1161 2141 1299 2203 provec-

204 2225 321 2288 tiorem
338 2226 439 2287 etiarn
450 2225 608 2307 juvenem
624 2224 757 2300 morari,
773 2223 849 2306 ipse
864 2225 946 2286 olim
958 2227 1120 2304 arpertus
1135 2241 1220 2299 sum,
1236 2223 1298 2286 dil'·

205 2325 424 2401 ficnltatibus,
446 2326 612 2406 longiores
627 2325 704 2389 aliis
719 2324 819 2401 locis,
842 2323 902 2387 nbi
917 2324 1028 2386 minus
1044 2341 1141 2405 opus,
1155 2329 1189 2385 el
1203 2341 1300 2404 argn-

204 2435 248 2491 tae
263 2431 514 2512 nonnunquam,
527 2427 587 2490 nbi
602 2427 754 2490 intentior
765 2445 847 2490 cura
862 2431 955 2489 tanto
970 2427 1042 2488 viro
1056 2441 1187 2488 omnem
1203 2443 1299 2490 soru-

204 2528 320 2609 pulum
335 2528 527 2602 exemisset,
549 2527 681 2590 facilem
705 2527 880 2609 scriptoris
904 2526 1076 2590 lectionem
1092 2544 1234 2607 eamque
1248 2525 1299 2589 in·

204 2628 300 2710 genii,
315 2628 488 2705 dictionis,
503 2628 683 2709 argumenti
698 2627 932 2709 cognitionem,
948 2645 1026 2708 quae
1041 2627 1084 2691 ad
1094 2625 1299 2691 familiarita-

204 2734 271 2793 tem
297 2730 466 2812 quandam
491 2749 567 2794 cum
593 2737 729 2794 auctore
753 2747 928 2808 assurgere
950 2727 1058 2803 debet,
1079 2727 1213 2790 minime
1230 2725 1300 2791 effi-

205 2830 311 2909 ciant3
327 2837 428 2914 atque
439 2829 515 2893 huic
527 2830 625 2894 unice
636 2849 763 2907 causae,
775 2830 865 2913 quod
882 2828 1069 2892 Emestium
1083 2847 1150 2891 non
1166 2827 1300 2892 dedisse

205 2931 372 3012 putabam,
400 2949 476 3013 qum
491 2930 570 2994 dara
586 2931 759 3013 potuisset,
782 2949 846 2995 non
861 2928 1099 3004 immodestiae,
1114 2928 1166 2993 vel
1181 2929 1301 2992 minori

205 3031 471 3113 praestantissimi
491 3032 525 3094 in
541 3031 693 3112 plurimis
707 3031 876 3096 literarum
889 3030 1065 3112 generibus
1080 3029 1230 3110 magistri
1245 3047 1301 3093 re-

205 3131 374 3196 reoundiae
388 3131 599 3196 tribuendum
614 3139 679 3208 ast,
703 3133 732 3196 si
748 3120 883 3216 quando
897 3149 960 3194 non
976 3129 1148 3196 dissentire
1159 3135 1300 3206 lantrun,

205 3231 264 3294 sed
278 3232 471 3315 impugnare
485 3233 585 3296 etiam
600 3233 673 3315 ejus
688 3233 947 3317 disputationes,
959 3231 1040 3295 milri
1054 3232 1171 3294 sumai.
1209 3229 1301 3294 Red-

207 3332 288 3396 dere
302 3339 415 3398 autem
430 3333 568 3420 Ernestii
584 3334 776 3410 editionem,
787 3353 853 3396 non
864 3351 986 3395 novam
1002 3347 1190 3412 procurare,
1202 3327 1301 3395 Wol-

208 3431 255 3495 lio
278 3431 344 3496 fnit
368 3435 586 3515 propositum.
633 3433 686 3496 lta
709 3433 879 3516 expunxit
893 3430 1038 3515 quidem,
1052 3449 1138 3513 quas
1156 3431 1213 3496 ille
1229 3433 1304 3498 reli·

208 3539 339 3614 querat,
360 3533 467 3603 labes.
490 3539 603 3597 textus
627 3533 762 3598 sanitati
783 3553 826 3596 ex
848 3521 998 3615 pristinis
1013 3533 1178 3614 novisque
1192 3531 1302 3594 snbsi·

207 3633 284 3712 diis,
298 3641 332 3698 et
351 3633 518 3715 singulari,
544 3653 612 3716 quo
636 3634 747 3698 valere
771 3634 875 3697 virum
896 3651 993 3697 nemo
1013 3633 1154 3714 ignorat,
1177 3630 1302 3712 ingenii

207 3736 363 3799 acumine
377 3735 652 3813 miro-consuluit,
667 3735 817 3818 expediit
831 3735 944 3812 etiam,
954 3751 1040 3816 quas
1052 3733 1215 3816 quaesitas
1230 3749 1300 3796 ma·

206 3837 271 3918 gis,
284 3855 387 3919 qnam
402 3836 552 3900 inventes
567 3837 703 3915 viderat,
717 3837 838 3920 paucis
853 3855 946 3918 saepe
957 3834 1067 3898 verbis
1078 3831 1301 3912 difficultates,

208 3936 401 4021 addiditque
416 3953 487 4001 sum
502 3937 703 4014 Ruhnkenii,
717 3936 813 4020 cujus
829 3935 965 4000 dictatis
980 3935 1144 4009 utebatur,
1159 3937 1302 4000 anctori-

208 4047 323 4115 tatem,
346 4038 406 4102 sed
430 4039 507 4122 ipsa
530 4037 686 4103 editionis
708 4039 837 4103 mtione
862 4035 1028 4119 egregiam
1050 4037 1164 4119 potius
1182 4039 1301 4102 alienae
1390 4029 1398 4046 '

207 4139 319 4215 crisin,
341 4159 443 4222 quam
465 4139 566 4204 talem
579 4140 654 4224 ipse
669 4139 800 4205 dedisse
815 4141 914 4210 visne,
924 4147 979 4203 est
990 4136 1179 4202 hominibus
1192 4137 1301 4202 erudi·

207 4239 264 4318 tis,
286 4241 415 4325 qualem
431 4257 452 4304 a
466 4239 570 4306 tantis
583 4239 703 4324 ingenii
718 4241 946 4323 doctrinaque
961 4238 1089 4307 divitiis
1107 4257 1222 4304 omnes
1240 4257 1301 4304 ex·
