3208 4918
324 413 390 480 370
748 427 780 474 o.
804 424 984 474 sunronn

324 573 482 655 deinceps
505 571 623 636 eudem
646 570 785 648 ratione,
809 574 986 654 soquentes
1009 567 1126 632 literas
1139 567 1252 650 pouit3
1272 585 1334 652 pro
1356 566 1420 629 εὖ·

324 678 434 739 nutem
446 673 574 757 duplex
588 693 618 736 u.
662 668 741 753 [89]
765 669 840 736 Ne⁷
858 669 1052 735 Graecarum
1067 667 1202 752 quidem
1226 667 1419 752 discipliua-

323 793 397 839 rum
412 775 537 839 leviore
551 773 663 840 studio
678 773 869 838 tenebatur:
891 771 926 837 iu
952 771 1073 854 quihus
1089 776 1121 833 et
1136 769 1219 852 ipsis
1237 769 1419 851 praestehut

323 872 469 954 largiter,
484 873 641 954 magistro
665 871 796 937 dicendi
823 890 905 936 usus
928 866 1162 954 Apollodoro¹
1188 869 1419 950 Pergameno,¹

324 974 519 1058 quemjem
542 972 697 1055 grandem
724 979 805 1038 nutu
830 972 1046 1057 Apolloniam
1075 990 1207 1055 quoque
1230 987 1344 1034 secum
1375 971 1418 1034 uh

323 1072 415 1138 Urbe
437 1073 570 1158 juvenis
593 1074 702 1138 ndhno
727 1073 896 1140 eduxerat.
943 1071 1074 1136 Deinde
1099 1071 1284 1136 eruditione
1314 1071 1417 1136 etium

323 1172 441 1240 variet
477 1173 628 1258 repletus
653 1179 705 1239 est
733 1171 807 1256 per¹
833 1170 938 1238 Arei*
973 1172 1176 1257 philosophi,
1209 1171 1417 1254 tiliommque

784 1367 961 1390 ettennon*

324 1515 381 1578 Cui.
403 1514 467 1564 hlox
484 1529 527 1578 per
542 1519 622 1564 ndum
633 1513 712 1564 vind.
723 1519 747 1563 1.
765 1515 839 1564 curt·
856 1511 941 1563 Perit.
958 1511 1075 1563 Heriem.
1091 1512 1158 1562 Edd.
1176 1513 1250 1561 llum.
1264 1518 1291 1561 et
1309 1511 1365 1561 lere
1382 1510 1418 1562 0.

323 1579 394 1629 vett.
416 1585 513 1642 prater
529 1578 651 1630 Beroald.
670 1579 762 1641 steph.
777 1579 851 1627 Torr.
869 1577 979 1627 ceuunb.
998 1585 1027 1627 et
1046 1593 1119 1654 seqq.
1141 1575 1419 1628 connitendum.

323 1647 373 1692 -d
390 1642 433 1692 lte
445 1656 532 1692 omne·
544 1643 576 1691 ud
593 1657 670 1691 unum
684 1643 746 1691 hire.
758 1648 785 1690 et
794 1640 860 1692 Edd.
871 1649 932 1690 ente
944 1641 1054 1692 Cereub.
1063 1656 1107 1706 qur
1118 1641 1228 1690 mutarit
1238 1641 1263 1689 in
1279 1653 1323 1703 pre
1334 1654 1355 1689 e.
1386 1638 1418 1687 lu

324 1705 395 1754 corr.
413 1715 499 1754 tumen
510 1714 537 1754 et
548 1707 638 1770 Cump.
648 1719 692 1768 per
701 1721 728 1754 e.
738 1703 780 1755 Cf.
791 1707 815 1754 ln
826 1706 843 1755 l.
856 1705 954 1754 Comm.
988 1705 1096 1755 Habent
1110 1705 1145 1754 el.
1165 1707 1252 1768 duplex
1261 1707 1349 1752 εει-7
1367 1701 1420 1752 Ner

323 1769 372 1818 Gr.
391 1769 466 1818 Vind.
477 1774 501 1820 u.
516 1770 580 1819 ‘l'um
591 1769 674 1820 leuiori
685 1770 757 1819 cort.
768 1768 836 1819 Edu.
849 1770 923 1819 Rom.
934 1768 1006 1818 etium
1016 1769 1076 1833 tpeir
1087 1770 1114 1819 iu
1126 1769 1226 1820 liudem.
1245 1769 1323 1818 Foue-
1334 1766 1420 1816 omitit

820 1947 926 2000 NO'I'AE

356 2069 368 2096 e
383 2061 459 2111 Prote
470 2061 508 2127 [ε]
525 2063 693 2113 Cururrhoune
702 2061 807 2127 legebat
825 2065 852 2112 iu
890 2061 964 2118 tium,
975 2060 1130 2125 eloquentior
1142 2059 1279 2122 plurimum
1291 2055 1420 2106 attendit!

323 2137 441 2186 omuibue
462 2137 535 2187 libris
550 2151 593 2198 pro
612 2153 640 2196 e,
660 2144 687 2188 et
705 2137 852 2188 emenduvlt
921 2136 997 2185 titel
1018 2150 1061 2198 per
1082 2132 1200 2199 [Splen]
1234 2133 1332 2182 Omuer
1354 2133 1420 2183 Meu.

303 2261 306 2265 ,
323 2225 368 2273 pro
378 2227 400 2260 z.
434 2212 513 2262 Putet
524 2214 592 2262 euim
602 2213 720 2262 ultimum
735 2213 777 2262 hle
794 2213 852 2262 lite·
888 2211 1020 2262 Torrentil
1032 2211 1127 2260 hubent
1138 2209 1257 2272 Spemrei,
1266 2216 1310 2258 eut
1320 2208 1418 2270 Sper-ur·

323 2301 379 2336 rem
390 2288 517 2352 intelligi:
530 2303 581 2352 qno
592 2295 664 2338 certe
672 2303 723 2338 uuu
734 2288 854 2350 edmleeo,
888 2288 921 2337 εἰ.
938 2287 1098 2339 Quietemeu
1106 2285 1158 2335 Dio
1168 2285 1319 2334 libarunt.
1330 2284 1421 2348 Sphe-

321 2361 459 2432 dieeudum
471 2371 565 2413 ereetz
581 2370 643 2413 tune
655 2363 778 2427 temporie
790 2378 852 2414 uon·
890 2363 912 2412 ri
923 2363 1055 2428 cujusdem
1064 2359 1218 2410 mentionem
1227 2358 1303 2423 fecit,
1312 2359 1355 2423 qni
1367 2357 1420 2407 Au·

324 2435 385 2484 dum
411 2436 436 2485 in
463 2452 510 2487 neo
529 2436 618 2499 finiere,
637 2438 670 2488 de
689 2454 739 2503 quo
759 2438 853 2490 rideris
891 2436 1199 2502 gundlihenmidemer
1213 2433 1421 2499 pedagogum-

321 2510 455 2582 ¹Ieidorum
465 2512 511 2562 lib.
524 2527 542 2563 ι.
552 2527 577 2562 e.
588 2517 627 2563 2⁴.
890 2507 949 2565 erut
959 2515 1007 2579 ipel
1016 2513 1173 2576 retinuimus,
1182 2518 1272 2575 utpote
1282 2524 1356 2574 qoem
1364 2508 1421 2560 luto

356 2583 365 2617 ¹
379 2585 531 2650 Apollodoro]
546 2585 620 2637 ldem
636 2587 713 2638 hebet
732 2587 853 2639 Quintili·
890 2587 1007 2638 functum
1019 2588 1110 2638 funere
1124 2586 1227 2650 publico
1237 2583 1325 2634 efferri
1335 2585 1421 2634 relue-

324 2673 386 2708 eum
397 2660 472 2710 initio
483 2660 529 2709 lib.
542 2673 585 2710 ιιι.
605 2661 647 2710 eui
664 2661 738 2710 uddit
748 2661 852 2716 Strabo.
891 2665 942 2726 rit;
951 2665 1018 2722 ideo,
1028 2665 1095 2714 nient
1105 2664 1229 2726 seriptum
1242 2668 1292 2723 eet,
1300 2658 1421 2710 emendu-

323 2733 395 2782 illum
419 2733 533 2798 Augusti
553 2733 637 2797 gretie
653 2736 760 2784 multum
775 2736 853 2785 ioelu·
891 2745 959 2791 rnut.

323 2809 543 2872 vulnenerantur
556 2810 738 2875 Apollodoree
750 2811 852 2862 initium
923 2812 934 2847 ¹¹
949 2815 1022 2880 Arei]
1045 2815 1216 2878 Philosophus
1236 2813 1287 2863 fnit
1308 2811 1420 2862 Alexan·

322 2883 852 2950 luiree‚quumtemenj1uriudeubAn·
890 2889 989 2954 minoe,
1008 2890 1083 2954 cuine
1103 2890 1130 2939 lu
1156 2890 1264 2953 pretium
1287 2887 1420 2952 Augustus

322 2960 391 3024 guoti
404 2960 563 3024 temporihnr
574 2963 678 3026 plurimi
690 2978 741 3013 uon
756 2963 851 3016 luctum
890 2964 1074 3015 Alexandriam
1091 2964 1231 3028 ingreium,
1245 2963 1333 3013 miultis
1344 2970 1372 3013 et
1383 2963 1420 3012 ri·

325 3041 438 3084 tentetur
449 3035 495 3086 lib.
507 3051 570 3086 xrrr.
890 3047 941 3090 tum
953 3048 981 3090 et
992 3040 1060 3089 bonu
1069 3039 1238 3090 condonaret.
1272 3039 1419 3103 llujneme·

354 3111 536 3176 thersam]
549 3113 714 3176 Pergamum,
723 3115 777 3164 rive
786 3115 851 3164 Per·
888 3115 963 3164 miuit
984 3121 1011 3165 et
1032 3115 1186 3165 Pluturehur
1209 3115 1233 3164 iu
1256 3113 1370 3164 Antonio
1391 3119 1420 3162 et

323 3202 421 3250 gomor,
431 3189 535 3239 minoris
549 3185 617 3238 Aeioe
632 3187 722 3238 civiter
734 3199 790 3239 ert:
806 3189 851 3238 ho·
888 3191 988 3240 Senem
998 3189 1043 3240 lib.
1055 3191 1087 3240 de
1106 3189 1288 3240 Conuoletione
1304 3188 1337 3237 ed
1349 3189 1421 3238 Mur·

322 3260 364 3311 die
385 3263 509 3325 Panemo,
528 3263 573 3311 ned
593 3263 700 3312 multum
713 3278 728 3313 u
742 3263 851 3329 pristino
889 3265 954 3315 oium
966 3281 990 3316 e.
1002 3270 1026 3315 t.
1044 3274 1071 3315 et
1082 3279 1193 3330 eupreo.
1209 3269 1249 3314 1⁷.
1266 3263 1298 3313 de
1318 3279 1349 3314 eo
1363 3263 1420 3327 jem

321 3336 459 3400 splendore
470 3339 579 3386 diverse.
888 3340 975 3406 alique
986 3349 1076 3392 notate
1096 3347 1155 3392 erint
1173 3340 1325 3390 Cereriouie
1345 3349 1420 3389 oeen-

354 3408 689 3475 lEruditioneetinmmm’o]
705 3413 851 3483 llujneloei
887 3417 978 3466 etone:
1008 3415 1123 3466 meminit
1145 3422 1172 3465 et
1194 3415 1244 3463 Dio
1267 3413 1313 3462 lib.
1334 3427 1371 3462 ur.
1393 3421 1421 3463 et

322 3489 454 3537 eontentio
481 3497 530 3546 eet.
550 3488 670 3552 Augusto
696 3490 850 3554 eloquentiae
887 3491 1050 3546 Strebmdm.
1070 3491 1318 3539 Lectionemuntem
1335 3495 1419 3538 coutu-

323 3561 423 3612 Groeoee
440 3569 625 3628 preceptorem
648 3561 728 3613 tlrluee
747 3563 850 3628 Apollo·
887 3565 991 3614 beminen
1002 3565 1058 3612 iniit
1076 3562 1244 3613 Cerenbnnm
1265 3563 1360 3626 arguit.
1373 3579 1421 3627 pro

322 3637 425 3688 dorum:
452 3639 615 3702 philologiam
636 3653 697 3687 vero
714 3653 789 3703 quum
809 3654 850 3687 vo·
888 3637 914 3686 iu
934 3635 1129 3686 coutubeminm
1147 3635 1248 3694 ascivit,
1265 3645 1311 3686 unt
1330 3647 1420 3687 contn-

321 3715 449 3778 eunt,hoe
462 3721 501 3764 eet
521 3714 661 3774 himerium,
681 3727 766 3764 rernm
783 3715 849 3763 anti·
887 3711 977 3762 herulo
996 3711 1121 3772 admovit,
1140 3719 1169 3762 ut
1188 3711 1288 3763 Tiberii
1307 3726 1365 3776 cup.
1378 3717 1421 3762 14.

321 3783 428 3853 qrruroni
441 3789 625 3853 coguitionem,
637 3789 850 3853 hominiumque
888 3786 955 3836 unde
966 3801 1024 3836 cum
1038 3786 1063 3836 in
1075 3785 1230 3851 quibusdem
1240 3787 1372 3837 cudlcihnn
1383 3787 1419 3835 le·

320 3863 422 3925 literne,
433 3864 553 3913 edoctum
566 3879 580 3912 u
591 3865 699 3928 Sphoero
712 3863 774 3924 illu;
791 3879 849 3927 qme
888 3861 956 3925 gerit
976 3861 1136 3926 coutubernio,
1155 3861 1254 3924 ubique
1270 3875 1334 3911 voce
1351 3861 1418 3922 teth,

323 3939 409 3988 omniu
426 3939 528 3988 nomine
549 3939 625 3988 verine
642 3939 794 3989 eruditionis
805 3954 850 3989 ex·
888 3953 965 4002 quem
983 3951 1032 3988 nee
1051 3935 1149 3987 habent
1168 3937 1255 3987 Llelui
1267 3936 1380 3997 codieer,
1391 3943 1420 3986 et

323 4015 417 4074 premit
436 4020 526 4063 erretur
543 4014 585 4063 hic
606 4021 712 4074 uorter3
736 4013 804 4078 qnod
823 4015 852 4064 lu
888 4013 983 4064 Plthoei
995 4023 1022 4063 et
1033 4013 1131 4073 Ursini,
1142 4013 1207 4062 hene
1216 4013 1329 4077 repelllt,
1339 4019 1367 4061 et
1379 4025 1419 4060 re·

322 4083 372 4134 illie
393 4087 487 4136 verenti
499 4087 603 4150 proprie
614 4087 734 4138 dicantur
745 4088 849 4152 eruditi,
889 4089 956 4138 tinet
966 4087 1128 4137 emeher-mo:
1145 4086 1190 4136 red
1211 4087 1259 4135 hoe
1276 4085 1359 4149 ponito
1380 4099 1419 4134 re·

323 4165 352 4207 nt
369 4159 451 4211 udhuu
467 4159 712 4226 int’ruCulig.c.d³.
744 4163 848 4212 ‘udin
883 4163 1013 4228 jielendne
1032 4163 1131 4212 veniret
1157 4161 1278 4224 uphem,
1304 4165 1332 4207 ut
1354 4160 1419 4210 Areo

323 4233 424 4298 uiplluie
445 4234 592 4286 llherellhuu
611 4237 741 4286 minimum
763 4236 848 4286 erudi·
889 4238 944 4287 uolo
966 4237 1107 4300 ruperrtite
1127 4237 1269 4300 legeretur,
1287 4231 1418 4285 eruditiore
