<?xml version="1.0" encoding="UTF-8"?>
<!DOCTYPE html PUBLIC "-//W3C//DTD XHTML 1.0 Transitional//EN"
    "http://www.w3.org/TR/xhtml1/DTD/xhtml1-transitional.dtd">
<html xmlns="http://www.w3.org/1999/xhtml" xml:lang="en" lang="en">
 <head>
  <title>
</title>
<meta http-equiv="Content-Type" content="text/html;charset=utf-8" />
  <meta name='ocr-system' content='tesseract 3.04.00' />
  <meta name='ocr-capabilities' content='ocr_page ocr_carea ocr_par ocr_line ocrx_word'/>
</head>
<body>
  <div class='ocr_page' id='page_1' title='image "./operaomniaexedi02suetgoog_0591.png"; bbox 0 0 3228 4914; ppageno 0'>
   <div class='ocr_carea' id='block_1_1' title="bbox 330 429 992 496">
    <p class='ocr_par' dir='ltr' id='par_1_1' title="bbox 330 429 992 496">
     <span class='ocr_line' id='line_1_1' title="bbox 330 429 992 496; baseline -0.009 -8"><span class='ocrx_word' id='word_1_1' title='bbox 330 429 396 496; x_wconf 77' lang='lat'><strong>528</strong></span> <span class='ocrx_word' id='word_1_2' title='bbox 757 440 789 485; x_wconf 91' lang='lat' dir='ltr'><strong>c.</strong></span> <span class='ocrx_word' id='word_1_3' title='bbox 813 435 992 486; x_wconf 78' lang='lat' dir='ltr'><strong>snaronrr</strong></span> 
     </span>
    </p>
   </div>
   <div class='ocr_carea' id='block_1_2' title="bbox 331 575 1424 1372">
    <p class='ocr_par' dir='ltr' id='par_1_2' title="bbox 331 575 1424 1372">
     <span class='ocr_line' id='line_1_2' title="bbox 331 575 1422 662; baseline -0.006 -12"><span class='ocrx_word' id='word_1_4' title='bbox 331 603 429 662; x_wconf 90' lang='lat' dir='ltr'><strong>anno,</strong></span> <span class='ocrx_word' id='word_1_5' title='bbox 446 585 542 648; x_wconf 90' lang='lat' dir='ltr'><strong>tertio</strong></span> <span class='ocrx_word' id='word_1_6' title='bbox 568 589 604 646; x_wconf 91' lang='lat' dir='ltr'><strong>et</strong></span> <span class='ocrx_word' id='word_1_7' title='bbox 618 582 799 646; x_wconf 86' lang='lat' dir='ltr'><strong>vicesimo¹</strong></span> <span class='ocrx_word' id='word_1_8' title='bbox 816 578 956 661; x_wconf 89' lang='lat' dir='ltr'><strong>imperii,</strong></span> <span class='ocrx_word' id='word_1_9' title='bbox 979 576 1122 659; x_wconf 88' lang='lat' dir='ltr'><strong>septimo</strong></span> <span class='ocrx_word' id='word_1_10' title='bbox 1142 575 1275 642; x_wconf 91' lang='lat' dir='ltr'><strong>decimo</strong></span> <span class='ocrx_word' id='word_1_11' title='bbox 1298 577 1422 644; x_wconf 85' lang='lat' dir='ltr'><strong>Kalen·</strong></span> 
     </span>
     <span class='ocr_line' id='line_1_3' title="bbox 334 677 1423 768; baseline -0.007 -17"><span class='ocrx_word' id='word_1_12' title='bbox 334 688 395 752; x_wconf 86' lang='lat' dir='ltr'><strong>des</strong></span> <span class='ocrx_word' id='word_1_13' title='bbox 410 685 549 768; x_wconf 84' lang='lat' dir='ltr'><strong>Aprilis,</strong></span> <span class='ocrx_word' id='word_1_14' title='bbox 572 685 632 749; x_wconf 84' lang='lat' dir='ltr'><strong>Cn.</strong></span> <span class='ocrx_word' id='word_1_15' title='bbox 655 681 839 746; x_wconf 87' lang='lat' dir='ltr'><strong>Acerronio</strong></span> <span class='ocrx_word' id='word_1_16' title='bbox 864 678 1022 755; x_wconf 87' lang='lat' dir='ltr'><strong>Proculo,</strong></span> <span class='ocrx_word' id='word_1_17' title='bbox 1043 677 1083 742; x_wconf 82' lang='lat' dir='ltr'><strong>G.</strong></span> <span class='ocrx_word' id='word_1_18' title='bbox 1109 677 1254 742; x_wconf 86' lang='lat' dir='ltr'><strong>Pontio²</strong></span> <span class='ocrx_word' id='word_1_19' title='bbox 1270 678 1423 761; x_wconf 83' lang='lat' dir='ltr'><strong>Nigrino,</strong></span> 
     </span>
     <span class='ocr_line' id='line_1_4' title="bbox 334 778 1422 868; baseline -0.006 -17"><span class='ocrx_word' id='word_1_20' title='bbox 334 787 548 852; x_wconf 84' lang='lat' dir='ltr'><strong>Consulibus.</strong></span> <span class='ocrx_word' id='word_1_21' title='bbox 592 786 687 861; x_wconf 85' lang='lat' dir='ltr'>Sunt,</span> <span class='ocrx_word' id='word_1_22' title='bbox 699 785 758 868; x_wconf 87' lang='lat' dir='ltr'><strong>qui</strong></span> <span class='ocrx_word' id='word_1_23' title='bbox 774 787 913 865; x_wconf 76' lang='lat' dir='ltr'><strong>putent,3</strong></span> <span class='ocrx_word' id='word_1_24' title='bbox 929 799 1090 845; x_wconf 86' lang='lat' dir='ltr'><strong>venenum</strong></span> <span class='ocrx_word' id='word_1_25' title='bbox 1102 781 1169 844; x_wconf 88' lang='lat' dir='ltr'><strong>eia</strong></span> <span class='ocrx_word' id='word_1_26' title='bbox 1184 778 1291 844; x_wconf 65' lang='lat' dir='ltr'><strong>Caio!</strong></span> <span class='ocrx_word' id='word_1_27' title='bbox 1306 779 1422 844; x_wconf 83' lang='lat' dir='ltr'><strong>datum</strong></span> 
     </span>
     <span class='ocr_line' id='line_1_5' title="bbox 333 881 1423 969; baseline -0.006 -16"><span class='ocrx_word' id='word_1_28' title='bbox 333 890 453 953; x_wconf 88' lang='lat' dir='ltr'><strong>lentum</strong></span> <span class='ocrx_word' id='word_1_29' title='bbox 468 895 569 969; x_wconf 87' lang='lat' dir='ltr'><strong>atque</strong></span> <span class='ocrx_word' id='word_1_30' title='bbox 585 886 766 951; x_wconf 85' lang='lat' dir='ltr'><strong>tabificum.</strong></span> <span class='ocrx_word' id='word_1_31' title='bbox 809 882 893 960; x_wconf 86' lang='lat' dir='ltr'><strong>Alii,</strong></span> <span class='ocrx_word' id='word_1_32' title='bbox 910 883 944 946; x_wconf 93' lang='lat' dir='ltr'><strong>in</strong></span> <span class='ocrx_word' id='word_1_33' title='bbox 955 882 1153 946; x_wconf 78' lang='lat' dir='ltr'><strong>remissione</strong></span> <span class='ocrx_word' id='word_1_34' title='bbox 1168 881 1309 946; x_wconf 82' lang='lat' dir='ltr'><strong>fortuitae</strong></span> <span class='ocrx_word' id='word_1_35' title='bbox 1321 881 1423 946; x_wconf 88' lang='lat' dir='ltr'><strong>iebris</strong></span> 
     </span>
     <span class='ocr_line' id='line_1_6' title="bbox 333 982 1423 1066; baseline -0.006 -14"><span class='ocrx_word' id='word_1_36' title='bbox 333 990 444 1052; x_wconf 90' lang='lat' dir='ltr'><strong>cibum</strong></span> <span class='ocrx_word' id='word_1_37' title='bbox 453 987 654 1052; x_wconf 83' lang='lat' dir='ltr'><strong>desideranti</strong></span> <span class='ocrx_word' id='word_1_38' title='bbox 669 991 840 1066; x_wconf 82' lang='lat' dir='ltr'><strong>negatum:</strong></span> <span class='ocrx_word' id='word_1_39' title='bbox 855 983 1236 1065; x_wconf 82' lang='lat' dir='ltr'><strong>nonnulli,⁴pulviunm¹</strong></span> <span class='ocrx_word' id='word_1_40' title='bbox 1250 982 1423 1066; x_wconf 87' lang='lat' dir='ltr'><strong>injectum,</strong></span> 
     </span>
     <span class='ocr_line' id='line_1_7' title="bbox 333 1082 1423 1164; baseline -0.006 -11"><span class='ocrx_word' id='word_1_41' title='bbox 333 1107 410 1154; x_wconf 90' lang='lat' dir='ltr'><strong>cum</strong></span> <span class='ocrx_word' id='word_1_42' title='bbox 425 1095 609 1154; x_wconf 85' lang='lat' dir='ltr'><strong>extractum</strong></span> <span class='ocrx_word' id='word_1_43' title='bbox 619 1087 684 1151; x_wconf 93' lang='lat' dir='ltr'><strong>sibi</strong></span> <span class='ocrx_word' id='word_1_44' title='bbox 695 1085 861 1150; x_wconf 88' lang='lat' dir='ltr'><strong>deficienti</strong></span> <span class='ocrx_word' id='word_1_45' title='bbox 872 1082 1008 1147; x_wconf 88' lang='lat' dir='ltr'><strong>anulum</strong></span> <span class='ocrx_word' id='word_1_46' title='bbox 1018 1091 1031 1118; x_wconf 85' lang='lat'>⁸</span> <span class='ocrx_word' id='word_1_47' title='bbox 1042 1101 1121 1148; x_wconf 86' lang='lat' dir='ltr'><strong>mox</strong></span> <span class='ocrx_word' id='word_1_48' title='bbox 1132 1083 1355 1164; x_wconf 84' lang='lat' dir='ltr'><strong>resipiscens⁵</strong></span> <span class='ocrx_word' id='word_1_49' title='bbox 1371 1103 1423 1146; x_wconf 90' lang='lat' dir='ltr'><strong>re-</strong></span> 
     </span>
     <span class='ocr_line' id='line_1_8' title="bbox 334 1183 1423 1273; baseline -0.008 -19"><span class='ocrx_word' id='word_1_50' title='bbox 334 1191 502 1273; x_wconf 87' lang='lat' dir='ltr'><strong>quisisset.</strong></span> <span class='ocrx_word' id='word_1_51' title='bbox 546 1189 677 1252; x_wconf 83' lang='lat' dir='ltr'><strong>Seneca</strong></span> <span class='ocrx_word' id='word_1_52' title='bbox 704 1206 780 1250; x_wconf 90' lang='lat' dir='ltr'><strong>enm</strong></span> <span class='ocrx_word' id='word_1_53' title='bbox 802 1185 924 1260; x_wconf 80' lang='lat' dir='ltr'><strong>scribit,</strong></span> <span class='ocrx_word' id='word_1_54' title='bbox 949 1183 1122 1248; x_wconf 88' lang='lat' dir='ltr'><strong>intellecta</strong></span> <span class='ocrx_word' id='word_1_55' title='bbox 1145 1184 1344 1260; x_wconf 85' lang='lat' dir='ltr'><strong>defectione,</strong></span> <span class='ocrx_word' id='word_1_56' title='bbox 1365 1201 1423 1246; x_wconf 87' lang='lat' dir='ltr'><strong>ex-</strong></span> 
     </span>
     <span class='ocr_line' id='line_1_9' title="bbox 334 1284 1424 1372; baseline -0.01 -16"><span class='ocrx_word' id='word_1_57' title='bbox 334 1299 458 1356; x_wconf 87' lang='lat' dir='ltr'><strong>emtum</strong></span> <span class='ocrx_word' id='word_1_58' title='bbox 468 1289 730 1372; x_wconf 86' lang='lat' dir='ltr'><strong>anulum,·quasi</strong></span> <span class='ocrx_word' id='word_1_59' title='bbox 742 1285 846 1352; x_wconf 90' lang='lat' dir='ltr'><strong>alicui</strong></span> <span class='ocrx_word' id='word_1_60' title='bbox 856 1284 1060 1362; x_wconf 86' lang='lat' dir='ltr'><strong>traditurum,</strong></span> <span class='ocrx_word' id='word_1_61' title='bbox 1070 1303 1250 1368; x_wconf 81' lang='lat' dir='ltr'><strong>parumper</strong></span> <span class='ocrx_word' id='word_1_62' title='bbox 1264 1286 1424 1348; x_wconf 81' lang='lat' dir='ltr'><strong>tenuisse:</strong></span> 
     </span>
    </p>
   </div>
   <div class='ocr_carea' id='block_1_3' title="bbox 325 1385 1425 1556">
    <p class='ocr_par' dir='ltr' id='par_1_3' title="bbox 325 1385 1425 1556">
     <span class='ocr_line' id='line_1_10' title="bbox 325 1385 1425 1474; baseline -0.007 -19"><span class='ocrx_word' id='word_1_63' title='bbox 325 1392 411 1455; x_wconf 82' lang='lat' dir='ltr'><strong>&#39;dein</strong></span> <span class='ocrx_word' id='word_1_64' title='bbox 425 1412 537 1456; x_wconf 89' lang='lat' dir='ltr'><strong>rursus</strong></span> <span class='ocrx_word' id='word_1_65' title='bbox 549 1397 686 1474; x_wconf 89' lang='lat' dir='ltr'><strong>aptasse</strong></span> <span class='ocrx_word' id='word_1_66' title='bbox 699 1389 813 1471; x_wconf 84' lang='lat' dir='ltr'><strong>digito,</strong></span> <span class='ocrx_word' id='word_1_67' title='bbox 828 1393 873 1464; x_wconf 91' lang='lat' dir='ltr'><strong>et,</strong></span> <span class='ocrx_word' id='word_1_68' title='bbox 888 1405 1083 1468; x_wconf 84' lang='lat' dir='ltr'><strong>compressa</strong></span> <span class='ocrx_word' id='word_1_69' title='bbox 1098 1385 1235 1452; x_wconf 86' lang='lat' dir='ltr'><strong>sinistra</strong></span> <span class='ocrx_word' id='word_1_70' title='bbox 1249 1405 1359 1459; x_wconf 82' lang='lat' dir='ltr'><strong>mann,</strong></span> <span class='ocrx_word' id='word_1_71' title='bbox 1370 1385 1425 1466; x_wconf 85' lang='lat' dir='ltr'><strong>ja-</strong></span> 
     </span>
     <span class='ocr_line' id='line_1_11' title="bbox 335 1485 1424 1556; baseline -0.006 -1"><span class='ocrx_word' id='word_1_72' title='bbox 335 1493 443 1556; x_wconf 91' lang='lat' dir='ltr'><strong>cuisse</strong></span> <span class='ocrx_word' id='word_1_73' title='bbox 459 1493 516 1556; x_wconf 90' lang='lat' dir='ltr'><strong>diu</strong></span> <span class='ocrx_word' id='word_1_74' title='bbox 527 1491 746 1556; x_wconf 82' lang='lat' dir='ltr'><strong>immobilem:</strong></span> <span class='ocrx_word' id='word_1_75' title='bbox 769 1485 905 1552; x_wconf 91' lang='lat' dir='ltr'><strong>subito⁶</strong></span> <span class='ocrx_word' id='word_1_76' title='bbox 920 1489 1047 1550; x_wconf 85' lang='lat' dir='ltr'><strong>vocatis</strong></span> <span class='ocrx_word' id='word_1_77' title='bbox 1061 1487 1228 1556; x_wconf 87' lang='lat' dir='ltr'><strong>ministris,</strong></span> <span class='ocrx_word' id='word_1_78' title='bbox 1242 1504 1282 1550; x_wconf 89' lang='lat' dir='ltr'><strong>ac</strong></span> <span class='ocrx_word' id='word_1_79' title='bbox 1296 1487 1424 1550; x_wconf 87' lang='lat' dir='ltr'><strong>nemine</strong></span> 
     </span>
    </p>
   </div>
   <div class='ocr_carea' id='block_1_4' title="bbox 334 1585 1426 1774">
    <p class='ocr_par' dir='ltr' id='par_1_4' title="bbox 334 1585 1426 1774">
     <span class='ocr_line' id='line_1_12' title="bbox 334 1585 1425 1677; baseline -0.007 -19"><span class='ocrx_word' id='word_1_80' title='bbox 334 1593 567 1677; x_wconf 84' lang='lat' dir='ltr'><strong>respondente,</strong></span> <span class='ocrx_word' id='word_1_81' title='bbox 578 1591 844 1666; x_wconf 83' lang='lat' dir='ltr'><strong>consurrexisse,</strong></span> <span class='ocrx_word' id='word_1_82' title='bbox 857 1608 922 1653; x_wconf 90' lang='lat' dir='ltr'><strong>nec</strong></span> <span class='ocrx_word' id='word_1_83' title='bbox 935 1588 1054 1672; x_wconf 91' lang='lat' dir='ltr'><strong>procul</strong></span> <span class='ocrx_word' id='word_1_84' title='bbox 1073 1607 1095 1652; x_wconf 90' lang='lat' dir='ltr'><strong>a</strong></span> <span class='ocrx_word' id='word_1_85' title='bbox 1115 1588 1252 1665; x_wconf 87' lang='lat' dir='ltr'><strong>lectulo,</strong></span> <span class='ocrx_word' id='word_1_86' title='bbox 1268 1585 1425 1652; x_wconf 86' lang='lat' dir='ltr'><strong>delicien-</strong></span> 
     </span>
     <span class='ocr_line' id='line_1_13' title="bbox 334 1687 1426 1774; baseline -0.005 -16"><span class='ocrx_word' id='word_1_87' title='bbox 334 1695 423 1759; x_wconf 89' lang='lat' dir='ltr'><strong>tibus</strong></span> <span class='ocrx_word' id='word_1_88' title='bbox 438 1695 576 1764; x_wconf 87' lang='lat' dir='ltr'><strong>viribus,</strong></span> <span class='ocrx_word' id='word_1_89' title='bbox 592 1692 790 1756; x_wconf 89' lang='lat' dir='ltr'><strong>concidisse.</strong></span> <span class='ocrx_word' id='word_1_90' title='bbox 834 1687 919 1774; x_wconf 87' lang='grc'><strong>[74.]</strong></span> <span class='ocrx_word' id='word_1_91' title='bbox 941 1688 1102 1772; x_wconf 92' lang='lat' dir='ltr'><strong>Supremo</strong></span> <span class='ocrx_word' id='word_1_92' title='bbox 1124 1691 1229 1754; x_wconf 87' lang='lat' dir='ltr'><strong>natali</strong></span> <span class='ocrx_word' id='word_1_93' title='bbox 1244 1708 1307 1753; x_wconf 89' lang='lat' dir='ltr'><strong>suo</strong></span> <span class='ocrx_word' id='word_1_94' title='bbox 1323 1687 1426 1772; x_wconf 84' lang='lat' dir='ltr'><strong>Apol·</strong></span> 
     </span>
    </p>
   </div>
   <div class='ocr_carea' id='block_1_5' title="bbox 788 1885 966 1905">
    <p class='ocr_par' dir='ltr' id='par_1_5' title="bbox 788 1885 966 1905">
     <span class='ocr_line' id='line_1_14' title="bbox 788 1885 966 1905; baseline 0.006 -1"><span class='ocrx_word' id='word_1_95' title='bbox 788 1885 905 1905; x_wconf 73' lang='lat' dir='ltr'><strong>nonno</strong></span> <span class='ocrx_word' id='word_1_96' title='bbox 908 1885 966 1905; x_wconf 73' lang='lat' dir='ltr'><strong>ono</strong></span> 
     </span>
    </p>
   </div>
   <div class='ocr_carea' id='block_1_6' title="bbox 333 2047 1428 2942">
    <p class='ocr_par' dir='ltr' id='par_1_6' title="bbox 333 2047 1428 2942">
     <span class='ocr_line' id='line_1_15' title="bbox 333 2047 1427 2122; baseline -0.005 -22"><span class='ocrx_word' id='word_1_97' title='bbox 333 2051 423 2114; x_wconf 84' lang='lat' dir='ltr'><strong>Stepb.</strong></span> <span class='ocrx_word' id='word_1_98' title='bbox 434 2050 520 2099; x_wconf 86' lang='lat' dir='ltr'><strong>Plant.</strong></span> <span class='ocrx_word' id='word_1_99' title='bbox 531 2048 615 2098; x_wconf 85' lang='lat' dir='ltr'><strong>S&#39;criv.</strong></span> <span class='ocrx_word' id='word_1_100' title='bbox 625 2048 701 2098; x_wconf 87' lang='lat' dir='ltr'><strong>Torr.</strong></span> <span class='ocrx_word' id='word_1_101' title='bbox 711 2049 819 2114; x_wconf 82' lang='lat' dir='ltr'><strong>casaub.</strong></span> <span class='ocrx_word' id='word_1_102' title='bbox 834 2049 932 2099; x_wconf 85' lang='lat' dir='ltr'><strong>Sebild.</strong></span> <span class='ocrx_word' id='word_1_103' title='bbox 949 2050 1082 2100; x_wconf 80' lang='lat' dir='ltr'><strong>Lucillim</strong></span> <span class='ocrx_word' id='word_1_104' title='bbox 1092 2051 1154 2099; x_wconf 89' lang='lat' dir='ltr'><strong>Bas.</strong></span> <span class='ocrx_word' id='word_1_105' title='bbox 1163 2049 1265 2122; x_wconf 70' lang='lat' dir='ltr'><strong>Grypb.</strong></span> <span class='ocrx_word' id='word_1_106' title='bbox 1276 2047 1332 2097; x_wconf 84' lang='lat' dir='ltr'><strong>Col.</strong></span> <span class='ocrx_word' id='word_1_107' title='bbox 1342 2054 1369 2096; x_wconf 86' lang='lat' dir='ltr'><strong>et</strong></span> <span class='ocrx_word' id='word_1_108' title='bbox 1380 2047 1427 2097; x_wconf 86' lang='lat' dir='ltr'><strong>aii-</strong></span> 
     </span>
     <span class='ocr_line' id='line_1_16' title="bbox 336 2111 1427 2179; baseline -0.005 -16"><span class='ocrx_word' id='word_1_109' title='bbox 336 2123 399 2179; x_wconf 85' lang='lat' dir='ltr'><strong>quot</strong></span> <span class='ocrx_word' id='word_1_110' title='bbox 410 2115 554 2164; x_wconf 73' lang='lat' dir='ltr'><strong>Msarosr.</strong></span> <span class='ocrx_word' id='word_1_111' title='bbox 574 2113 663 2162; x_wconf 86' lang='lat' dir='ltr'><strong>Nostr.</strong></span> <span class='ocrx_word' id='word_1_112' title='bbox 673 2113 733 2161; x_wconf 89' lang='lat' dir='ltr'><strong>lect.</strong></span> <span class='ocrx_word' id='word_1_113' title='bbox 745 2115 861 2163; x_wconf 89' lang='lat' dir='ltr'><strong>restituit</strong></span> <span class='ocrx_word' id='word_1_114' title='bbox 870 2115 958 2163; x_wconf 86' lang='lat' dir='ltr'><strong>Bssrm.</strong></span> <span class='ocrx_word' id='word_1_115' title='bbox 970 2129 1028 2164; x_wconf 88' lang='lat' dir='ltr'><strong>cnm</strong></span> <span class='ocrx_word' id='word_1_116' title='bbox 1039 2114 1106 2163; x_wconf 84' lang='lat' dir='ltr'><strong>Edd.</strong></span> <span class='ocrx_word' id='word_1_117' title='bbox 1120 2113 1207 2176; x_wconf 87' lang='lat' dir='ltr'><strong>primis</strong></span> <span class='ocrx_word' id='word_1_118' title='bbox 1218 2123 1244 2161; x_wconf 88' lang='lat' dir='ltr'><strong>et</strong></span> <span class='ocrx_word' id='word_1_119' title='bbox 1256 2113 1318 2163; x_wconf 84' lang='lat' dir='ltr'><strong>Mas.</strong></span> <span class='ocrx_word' id='word_1_120' title='bbox 1329 2111 1384 2162; x_wconf 82' lang='lat' dir='ltr'><strong>sere</strong></span> <span class='ocrx_word' id='word_1_121' title='bbox 1393 2113 1427 2162; x_wconf 91' lang='lat'><strong>0.</strong></span> 
     </span>
     <span class='ocr_line' id='line_1_17' title="bbox 335 2175 1427 2240; baseline -0.002 -13"><span class='ocrx_word' id='word_1_122' title='bbox 335 2184 381 2227; x_wconf 88' lang='lat' dir='ltr'><strong>-l</strong></span> <span class='ocrx_word' id='word_1_123' title='bbox 402 2179 435 2226; x_wconf 80' lang='lat' dir='ltr'><strong>lit</strong></span> <span class='ocrx_word' id='word_1_124' title='bbox 444 2183 500 2229; x_wconf 86' lang='lat' dir='ltr'><strong>tert.</strong></span> <span class='ocrx_word' id='word_1_125' title='bbox 511 2183 535 2225; x_wconf 85' lang='lat' dir='ltr'><strong>et</strong></span> <span class='ocrx_word' id='word_1_126' title='bbox 545 2178 595 2238; x_wconf 82' lang='lat' dir='ltr'><strong>sig.</strong></span> <span class='ocrx_word' id='word_1_127' title='bbox 606 2175 685 2225; x_wconf 90' lang='lat' dir='ltr'><strong>Viud.</strong></span> <span class='ocrx_word' id='word_1_128' title='bbox 699 2181 722 2225; x_wconf 84' lang='lat' dir='ltr'><strong>l.</strong></span> <span class='ocrx_word' id='word_1_129' title='bbox 756 2179 822 2227; x_wconf 88' lang='lat' dir='ltr'><strong>Dein</strong></span> <span class='ocrx_word' id='word_1_130' title='bbox 833 2183 894 2240; x_wconf 84' lang='lat' dir='ltr'><strong>sept.</strong></span> <span class='ocrx_word' id='word_1_131' title='bbox 905 2181 955 2227; x_wconf 84' lang='lat' dir='ltr'><strong>dee.</strong></span> <span class='ocrx_word' id='word_1_132' title='bbox 964 2178 1070 2228; x_wconf 86' lang='lat' dir='ltr'><strong>edidere</strong></span> <span class='ocrx_word' id='word_1_133' title='bbox 1082 2178 1171 2226; x_wconf 85' lang='lat' dir='ltr'><strong>Burm.</strong></span> <span class='ocrx_word' id='word_1_134' title='bbox 1185 2177 1254 2226; x_wconf 91' lang='lat' dir='ltr'><strong>Ond.</strong></span> <span class='ocrx_word' id='word_1_135' title='bbox 1267 2177 1327 2225; x_wconf 84' lang='lat' dir='ltr'><strong>Ero.</strong></span> <span class='ocrx_word' id='word_1_136' title='bbox 1339 2177 1372 2225; x_wconf 90' lang='lat' dir='ltr'><strong>al.</strong></span> <span class='ocrx_word' id='word_1_137' title='bbox 1382 2176 1427 2226; x_wconf 90' lang='lat' dir='ltr'><strong>ob·</strong></span> 
     </span>
     <span class='ocr_line' id='line_1_18' title="bbox 335 2239 1426 2304; baseline -0.003 -14"><span class='ocrx_word' id='word_1_138' title='bbox 335 2239 702 2292; x_wconf 75' lang='lat' dir='ltr'><strong>secutiGron.ad&#39;1&#39;ac.Anrr.</strong></span> <span class='ocrx_word' id='word_1_139' title='bbox 716 2253 751 2288; x_wconf 89' lang='lat' dir='ltr'><strong>vr.</strong></span> <span class='ocrx_word' id='word_1_140' title='bbox 763 2243 804 2290; x_wconf 77' lang='lat'><strong>5⁰.</strong></span> <span class='ocrx_word' id='word_1_141' title='bbox 840 2241 891 2290; x_wconf 81' lang='lat' dir='ltr'><strong>Alii</strong></span> <span class='ocrx_word' id='word_1_142' title='bbox 906 2245 956 2291; x_wconf 83' lang='lat' dir='ltr'><strong>dec.</strong></span> <span class='ocrx_word' id='word_1_143' title='bbox 966 2247 1027 2304; x_wconf 86' lang='lat' dir='ltr'><strong>sept.</strong></span> <span class='ocrx_word' id='word_1_144' title='bbox 1060 2242 1091 2290; x_wconf 89' lang='lat' dir='ltr'><strong>In</strong></span> <span class='ocrx_word' id='word_1_145' title='bbox 1100 2241 1196 2290; x_wconf 86' lang='lat' dir='ltr'><strong>omnib.</strong></span> <span class='ocrx_word' id='word_1_146' title='bbox 1208 2241 1270 2290; x_wconf 80' lang='lat' dir='ltr'><strong>bles.</strong></span> <span class='ocrx_word' id='word_1_147' title='bbox 1283 2241 1426 2289; x_wconf 75' lang='lat' dir='ltr'><strong>numerales</strong></span> 
     </span>
     <span class='ocr_line' id='line_1_19' title="bbox 336 2303 1426 2369; baseline -0.002 -15"><span class='ocrx_word' id='word_1_148' title='bbox 336 2313 395 2354; x_wconf 82' lang='lat' dir='ltr'><strong>srrrrt</strong></span> <span class='ocrx_word' id='word_1_149' title='bbox 408 2313 476 2354; x_wconf 74' lang='lat' dir='ltr'><strong>notes</strong></span> <span class='ocrx_word' id='word_1_150' title='bbox 487 2305 514 2354; x_wconf 83' lang='lat' dir='ltr'><em>X</em></span> <span class='ocrx_word' id='word_1_151' title='bbox 520 2305 580 2354; x_wconf 89' lang='lat' dir='ltr'><strong>Vll.</strong></span> <span class='ocrx_word' id='word_1_152' title='bbox 613 2304 681 2354; x_wconf 85' lang='lat' dir='ltr'><strong>Item</strong></span> <span class='ocrx_word' id='word_1_153' title='bbox 693 2303 787 2366; x_wconf 73' lang='lat' dir='ltr'><strong>Apriles</strong></span> <span class='ocrx_word' id='word_1_154' title='bbox 799 2303 914 2356; x_wconf 83' lang='lat' dir='ltr'><strong>Harlent.</strong></span> <span class='ocrx_word' id='word_1_155' title='bbox 926 2315 953 2356; x_wconf 87' lang='lat' dir='ltr'><strong>et</strong></span> <span class='ocrx_word' id='word_1_156' title='bbox 964 2307 1138 2369; x_wconf 65' lang='lat' dir='ltr'><strong>plerique-2</strong></span> <span class='ocrx_word' id='word_1_157' title='bbox 1152 2305 1237 2353; x_wconf 82' lang='lat' dir='ltr'><strong>Portis</strong></span> <span class='ocrx_word' id='word_1_158' title='bbox 1247 2304 1364 2353; x_wconf 88' lang='lat' dir='ltr'><strong>Harlem.</strong></span> <span class='ocrx_word' id='word_1_159' title='bbox 1377 2303 1426 2352; x_wconf 89' lang='lat' dir='ltr'><strong>Pe·</strong></span> 
     </span>
     <span class='ocr_line' id='line_1_20' title="bbox 336 2367 1427 2431; baseline 0.001 -15"><span class='ocrx_word' id='word_1_160' title='bbox 336 2369 458 2418; x_wconf 82' lang='lat' dir='ltr'><strong>ris.Edd.</strong></span> <span class='ocrx_word' id='word_1_161' title='bbox 470 2369 535 2417; x_wconf 89' lang='lat' dir='ltr'><strong>Ven.</strong></span> <span class='ocrx_word' id='word_1_162' title='bbox 549 2367 631 2430; x_wconf 87' lang='lat' dir='ltr'><strong>Lngd.</strong></span> <span class='ocrx_word' id='word_1_163' title='bbox 648 2367 749 2430; x_wconf 85' lang='lat' dir='ltr'><strong>Grypb.</strong></span> <span class='ocrx_word' id='word_1_164' title='bbox 762 2369 829 2416; x_wconf 74' lang='lat' dir='ltr'><strong>llas.</strong></span> <span class='ocrx_word' id='word_1_165' title='bbox 845 2369 932 2418; x_wconf 83' lang='lat' dir='ltr'><strong>Plant.</strong></span> <span class='ocrx_word' id='word_1_166' title='bbox 952 2378 979 2420; x_wconf 87' lang='lat' dir='ltr'><strong>et</strong></span> <span class='ocrx_word' id='word_1_167' title='bbox 997 2371 1022 2419; x_wconf 89' lang='lat' dir='ltr'><strong>in</strong></span> <span class='ocrx_word' id='word_1_168' title='bbox 1042 2369 1157 2431; x_wconf 84' lang='lat' dir='ltr'><strong>plurimis</strong></span> <span class='ocrx_word' id='word_1_169' title='bbox 1176 2370 1265 2428; x_wconf 77' lang='lat' dir='ltr'><strong>Nigro,</strong></span> <span class='ocrx_word' id='word_1_170' title='bbox 1282 2369 1427 2430; x_wconf 69' lang='lat' dir='ltr'><strong>corrigente</strong></span> 
     </span>
     <span class='ocr_line' id='line_1_21' title="bbox 334 2430 1428 2496; baseline -0.002 -14"><span class='ocrx_word' id='word_1_171' title='bbox 334 2433 408 2482; x_wconf 83' lang='lat' dir='ltr'><strong>Torr.</strong></span> <span class='ocrx_word' id='word_1_172' title='bbox 418 2435 525 2496; x_wconf 81' lang='lat' dir='ltr'><strong>aliisque</strong></span> <span class='ocrx_word' id='word_1_173' title='bbox 536 2446 568 2481; x_wconf 81' lang='lat' dir='ltr'><strong>ex</strong></span> <span class='ocrx_word' id='word_1_174' title='bbox 586 2431 672 2494; x_wconf 84' lang='lat' dir='ltr'><strong>lapide</strong></span> <span class='ocrx_word' id='word_1_175' title='bbox 683 2430 750 2493; x_wconf 83' lang='lat' dir='ltr'><strong>apud</strong></span> <span class='ocrx_word' id='word_1_176' title='bbox 763 2432 878 2481; x_wconf 80' lang='lat' dir='ltr'><strong>Fabrett.</strong></span> <span class='ocrx_word' id='word_1_177' title='bbox 890 2446 916 2496; x_wconf 92' lang='lat' dir='ltr'><strong>p.</strong></span> <span class='ocrx_word' id='word_1_178' title='bbox 927 2437 985 2484; x_wconf 75' lang='lat' dir='ltr'><strong>dli.</strong></span> <span class='ocrx_word' id='word_1_179' title='bbox 1018 2433 1049 2482; x_wconf 91' lang='lat' dir='ltr'><strong>ln</strong></span> <span class='ocrx_word' id='word_1_180' title='bbox 1062 2439 1186 2482; x_wconf 83' lang='lat' dir='ltr'><strong>contestu</strong></span> <span class='ocrx_word' id='word_1_181' title='bbox 1198 2432 1247 2481; x_wconf 88' lang='lat' dir='ltr'><strong>Ed.</strong></span> <span class='ocrx_word' id='word_1_182' title='bbox 1260 2431 1328 2480; x_wconf 81' lang='lat' dir='ltr'><strong>ond.</strong></span> <span class='ocrx_word' id='word_1_183' title='bbox 1337 2432 1428 2480; x_wconf 85' lang='lat' dir='ltr'><strong>vitiose</strong></span> 
     </span>
     <span class='ocr_line' id='line_1_22' title="bbox 337 2495 1426 2559; baseline -0.003 -15"><span class='ocrx_word' id='word_1_184' title='bbox 337 2497 421 2546; x_wconf 79' lang='lat' dir='ltr'><strong>Cestio</strong></span> <span class='ocrx_word' id='word_1_185' title='bbox 434 2497 521 2557; x_wconf 70' lang='lat' dir='ltr'><strong>Nigra</strong></span> <span class='ocrx_word' id='word_1_186' title='bbox 539 2511 595 2544; x_wconf 88' lang='lat' dir='ltr'><strong>cum</strong></span> <span class='ocrx_word' id='word_1_187' title='bbox 616 2496 673 2558; x_wconf 89' lang='lat' dir='ltr'><strong>ipse</strong></span> <span class='ocrx_word' id='word_1_188' title='bbox 689 2496 764 2545; x_wconf 85' lang='lat' dir='ltr'><strong>aliter</strong></span> <span class='ocrx_word' id='word_1_189' title='bbox 781 2495 884 2559; x_wconf 85' lang='lat' dir='ltr'><strong>legend.</strong></span> <span class='ocrx_word' id='word_1_190' title='bbox 896 2499 921 2546; x_wconf 91' lang='lat' dir='ltr'><strong>in</strong></span> <span class='ocrx_word' id='word_1_191' title='bbox 932 2499 1000 2548; x_wconf 88' lang='lat' dir='ltr'><strong>notis</strong></span> <span class='ocrx_word' id='word_1_192' title='bbox 1011 2499 1209 2546; x_wconf 76' lang='lat' dir='ltr'><strong>monuisset—t</strong></span> <span class='ocrx_word' id='word_1_193' title='bbox 1228 2497 1319 2544; x_wconf 76' lang='lat' dir='ltr'><strong>Pateat</strong></span> <span class='ocrx_word' id='word_1_194' title='bbox 1331 2495 1426 2544; x_wconf 85' lang='lat' dir='ltr'><strong>Medic.</strong></span> 
     </span>
     <span class='ocr_line' id='line_1_23' title="bbox 334 2559 1428 2622; baseline -0.004 -12"><span class='ocrx_word' id='word_1_195' title='bbox 334 2564 359 2610; x_wconf 73' lang='lat'><strong>2.</strong></span> <span class='ocrx_word' id='word_1_196' title='bbox 372 2560 450 2608; x_wconf 83' lang='lat' dir='ltr'><strong>Vind.</strong></span> <span class='ocrx_word' id='word_1_197' title='bbox 461 2565 484 2608; x_wconf 76' lang='grc'><strong>2.</strong></span> <span class='ocrx_word' id='word_1_198' title='bbox 497 2559 563 2608; x_wconf 74' lang='lat' dir='ltr'><strong>add.</strong></span> <span class='ocrx_word' id='word_1_199' title='bbox 575 2560 664 2607; x_wconf 74' lang='lat' dir='ltr'><strong>Grau.</strong></span> <span class='ocrx_word' id='word_1_200' title='bbox 675 2560 723 2608; x_wconf 91' lang='lat' dir='ltr'><strong>ult.</strong></span> <span class='ocrx_word' id='word_1_201' title='bbox 737 2567 765 2608; x_wconf 93' lang='lat' dir='ltr'><strong>et</strong></span> <span class='ocrx_word' id='word_1_202' title='bbox 782 2559 863 2608; x_wconf 75' lang='lat' dir='ltr'><strong>Gron-</strong></span> <span class='ocrx_word' id='word_1_203' title='bbox 896 2562 957 2610; x_wconf 81' lang='lat' dir='ltr'><strong>ltlos</strong></span> <span class='ocrx_word' id='word_1_204' title='bbox 969 2562 1065 2610; x_wconf 86' lang='lat' dir='ltr'><strong>Medic.</strong></span> <span class='ocrx_word' id='word_1_205' title='bbox 1079 2565 1102 2609; x_wconf 89' lang='lat' dir='ltr'><strong>l.</strong></span> <span class='ocrx_word' id='word_1_206' title='bbox 1113 2561 1200 2609; x_wconf 67' lang='lat' dir='ltr'><strong>ustam</strong></span> <span class='ocrx_word' id='word_1_207' title='bbox 1210 2573 1297 2622; x_wconf 72' lang='lat' dir='ltr'><strong>quoqu</strong></span> <span class='ocrx_word' id='word_1_208' title='bbox 1307 2563 1329 2607; x_wconf 86' lang='lat' dir='ltr'><strong>et</strong></span> <span class='ocrx_word' id='word_1_209' title='bbox 1341 2559 1389 2607; x_wconf 83' lang='lat' dir='ltr'><strong>tob.</strong></span> <span class='ocrx_word' id='word_1_210' title='bbox 1400 2566 1428 2607; x_wconf 90' lang='lat' dir='ltr'><strong>et</strong></span> 
     </span>
     <span class='ocr_line' id='line_1_24' title="bbox 335 2622 1427 2687; baseline -0.002 -15"><span class='ocrx_word' id='word_1_211' title='bbox 335 2625 374 2672; x_wconf 87' lang='lat' dir='ltr'><strong>sed</strong></span> <span class='ocrx_word' id='word_1_212' title='bbox 383 2623 480 2672; x_wconf 87' lang='lat' dir='ltr'><strong>Medic.</strong></span> <span class='ocrx_word' id='word_1_213' title='bbox 488 2627 512 2671; x_wconf 71' lang='lat' dir='ltr'><strong>a.</strong></span> <span class='ocrx_word' id='word_1_214' title='bbox 524 2622 567 2672; x_wconf 86' lang='lat' dir='ltr'><strong>sed</strong></span> <span class='ocrx_word' id='word_1_215' title='bbox 580 2624 634 2671; x_wconf 90' lang='lat' dir='ltr'><strong>sine</strong></span> <span class='ocrx_word' id='word_1_216' title='bbox 644 2625 680 2683; x_wconf 71' lang='grc' dir='ltr'><strong>τᾷ</strong></span> <span class='ocrx_word' id='word_1_217' title='bbox 689 2627 770 2671; x_wconf 78' lang='lat' dir='ltr'><strong>et.·-d</strong></span> <span class='ocrx_word' id='word_1_218' title='bbox 782 2624 853 2673; x_wconf 81' lang='lat' dir='ltr'><strong>Torr.</strong></span> <span class='ocrx_word' id='word_1_219' title='bbox 865 2633 939 2687; x_wconf 86' lang='lat' dir='ltr'><strong>putat</strong></span> <span class='ocrx_word' id='word_1_220' title='bbox 947 2631 1026 2686; x_wconf 81' lang='lat' dir='ltr'><strong>segni.</strong></span> <span class='ocrx_word' id='word_1_221' title='bbox 1038 2641 1053 2672; x_wconf 90' lang='lat' dir='ltr'><strong>a</strong></span> <span class='ocrx_word' id='word_1_222' title='bbox 1063 2631 1211 2673; x_wconf 83' lang='lat' dir='ltr'><strong>correctore</strong></span> <span class='ocrx_word' id='word_1_223' title='bbox 1221 2638 1278 2670; x_wconf 86' lang='lat' dir='ltr'><strong>esse</strong></span> <span class='ocrx_word' id='word_1_224' title='bbox 1294 2624 1427 2685; x_wconf 85' lang='lat' dir='ltr'><strong>insertum,</strong></span> 
     </span>
     <span class='ocr_line' id='line_1_25' title="bbox 334 2686 1428 2750; baseline -0.003 -15"><span class='ocrx_word' id='word_1_225' title='bbox 334 2695 363 2736; x_wconf 92' lang='lat' dir='ltr'><strong>et</strong></span> <span class='ocrx_word' id='word_1_226' title='bbox 375 2687 479 2735; x_wconf 84' lang='lat' dir='ltr'><strong>sossalts&#39;</strong></span> <span class='ocrx_word' id='word_1_227' title='bbox 490 2699 541 2734; x_wconf 87' lang='lat' dir='ltr'><strong>non</strong></span> <span class='ocrx_word' id='word_1_228' title='bbox 557 2700 602 2734; x_wconf 87' lang='lat' dir='ltr'><strong>suo</strong></span> <span class='ocrx_word' id='word_1_229' title='bbox 614 2688 671 2734; x_wconf 90' lang='lat' dir='ltr'><strong>loco</strong></span> <span class='ocrx_word' id='word_1_230' title='bbox 682 2688 804 2749; x_wconf 85' lang='lat' dir='ltr'><strong>positum,</strong></span> <span class='ocrx_word' id='word_1_231' title='bbox 821 2695 850 2736; x_wconf 89' lang='lat' dir='ltr'><strong>ut</strong></span> <span class='ocrx_word' id='word_1_232' title='bbox 860 2689 908 2736; x_wconf 88' lang='lat' dir='ltr'><strong>boe</strong></span> <span class='ocrx_word' id='word_1_233' title='bbox 919 2690 994 2738; x_wconf 84' lang='lat' dir='ltr'><strong>modo</strong></span> <span class='ocrx_word' id='word_1_234' title='bbox 1005 2691 1117 2750; x_wconf 85' lang='lat' dir='ltr'><strong>legatur,</strong></span> <span class='ocrx_word' id='word_1_235' title='bbox 1128 2687 1201 2736; x_wconf 84' lang='lat' dir='ltr'><strong>desid.</strong></span> <span class='ocrx_word' id='word_1_236' title='bbox 1216 2688 1281 2748; x_wconf 80' lang='lat' dir='ltr'><strong>pulc.</strong></span> <span class='ocrx_word' id='word_1_237' title='bbox 1295 2686 1339 2746; x_wconf 70' lang='lat' dir='ltr'><strong>isi.</strong></span> <span class='ocrx_word' id='word_1_238' title='bbox 1357 2701 1428 2735; x_wconf 86' lang='lat' dir='ltr'><strong>sess.</strong></span> 
     </span>
     <span class='ocr_line' id='line_1_26' title="bbox 333 2748 1428 2812; baseline -0.001 -13"><span class='ocrx_word' id='word_1_239' title='bbox 333 2755 457 2799; x_wconf 71' lang='lat' dir='ltr'><strong>mmeatr.</strong></span> <span class='ocrx_word' id='word_1_240' title='bbox 474 2748 571 2796; x_wconf 83' lang='lat' dir='ltr'><strong>Medic.</strong></span> <span class='ocrx_word' id='word_1_241' title='bbox 584 2751 606 2794; x_wconf 92' lang='lat' dir='ltr'><strong>l.</strong></span> <span class='ocrx_word' id='word_1_242' title='bbox 624 2749 671 2796; x_wconf 86' lang='lat' dir='ltr'><strong>dat</strong></span> <span class='ocrx_word' id='word_1_243' title='bbox 687 2764 742 2808; x_wconf 80' lang='lat' dir='ltr'><strong>aeg.</strong></span> <span class='ocrx_word' id='word_1_244' title='bbox 752 2765 823 2797; x_wconf 83' lang='lat' dir='ltr'><strong>sess.</strong></span> <span class='ocrx_word' id='word_1_245' title='bbox 834 2751 860 2797; x_wconf 86' lang='lat' dir='ltr'><strong>s&#39;s</strong></span> <span class='ocrx_word' id='word_1_246' title='bbox 869 2753 981 2812; x_wconf 77' lang='lat' dir='ltr'><strong>pala-⁵</strong></span> <span class='ocrx_word' id='word_1_247' title='bbox 1000 2751 1138 2812; x_wconf 75' lang='lat' dir='ltr'><strong>Respiciens</strong></span> <span class='ocrx_word' id='word_1_248' title='bbox 1153 2750 1228 2798; x_wconf 83' lang='lat' dir='ltr'><strong>llnls.</strong></span> <span class='ocrx_word' id='word_1_249' title='bbox 1260 2751 1324 2798; x_wconf 80' lang='lat' dir='ltr'><strong>Tum</strong></span> <span class='ocrx_word' id='word_1_250' title='bbox 1342 2765 1428 2812; x_wconf 80' lang='lat' dir='ltr'><strong>purast</strong></span> 
     </span>
     <span class='ocr_line' id='line_1_27' title="bbox 334 2811 1426 2876; baseline 0.004 -18"><span class='ocrx_word' id='word_1_251' title='bbox 334 2812 412 2860; x_wconf 87' lang='lat' dir='ltr'><strong>Vind.</strong></span> <span class='ocrx_word' id='word_1_252' title='bbox 425 2817 446 2859; x_wconf 90' lang='lat' dir='ltr'><strong>l.</strong></span> <span class='ocrx_word' id='word_1_253' title='bbox 459 2819 486 2859; x_wconf 91' lang='lat' dir='ltr'><strong>et</strong></span> <span class='ocrx_word' id='word_1_254' title='bbox 494 2812 642 2860; x_wconf 81' lang='lat' dir='ltr'><strong>moxdeiade</strong></span> <span class='ocrx_word' id='word_1_255' title='bbox 653 2825 711 2858; x_wconf 85' lang='lat' dir='ltr'><strong>eum</strong></span> <span class='ocrx_word' id='word_1_256' title='bbox 721 2813 803 2859; x_wconf 83' lang='lat' dir='ltr'><strong>Paris.</strong></span> <span class='ocrx_word' id='word_1_257' title='bbox 812 2815 884 2861; x_wconf 84' lang='lat' dir='ltr'><strong>cort.</strong></span> <span class='ocrx_word' id='word_1_258' title='bbox 893 2813 959 2862; x_wconf 84' lang='lat' dir='ltr'><strong>Edd.</strong></span> <span class='ocrx_word' id='word_1_259' title='bbox 968 2811 1212 2876; x_wconf 76' lang='lat' dir='ltr'><strong>licuncosrprelses&#39;ac</strong></span> <span class='ocrx_word' id='word_1_260' title='bbox 1219 2812 1296 2862; x_wconf 86' lang='lat' dir='ltr'><strong>Vind.</strong></span> <span class='ocrx_word' id='word_1_261' title='bbox 1308 2823 1426 2876; x_wconf 80' lang='lat' dir='ltr'><strong>uterque,</strong></span> 
     </span>
     <span class='ocr_line' id='line_1_28' title="bbox 334 2873 1428 2942; baseline 0.002 -18"><span class='ocrx_word' id='word_1_262' title='bbox 334 2875 420 2925; x_wconf 81' lang='lat' dir='ltr'><strong>Pesla.</strong></span> <span class='ocrx_word' id='word_1_263' title='bbox 432 2876 504 2924; x_wconf 85' lang='lat' dir='ltr'><strong>Cort.</strong></span> <span class='ocrx_word' id='word_1_264' title='bbox 516 2873 583 2924; x_wconf 80' lang='lat' dir='ltr'><strong>Edd.</strong></span> <span class='ocrx_word' id='word_1_265' title='bbox 595 2875 717 2923; x_wconf 79' lang='lat' dir='ltr'><strong>Rom-d</strong></span> <span class='ocrx_word' id='word_1_266' title='bbox 736 2874 795 2924; x_wconf 78' lang='lat' dir='ltr'><strong>Tam</strong></span> <span class='ocrx_word' id='word_1_267' title='bbox 811 2877 853 2925; x_wconf 86' lang='lat' dir='ltr'><strong>sel</strong></span> <span class='ocrx_word' id='word_1_268' title='bbox 870 2877 979 2926; x_wconf 78' lang='lat' dir='ltr'><strong>similem</strong></span> <span class='ocrx_word' id='word_1_269' title='bbox 992 2879 1108 2928; x_wconf 77' lang='lat' dir='ltr'><strong>voculam</strong></span> <span class='ocrx_word' id='word_1_270' title='bbox 1121 2878 1321 2942; x_wconf 78' lang='lat' dir='ltr'><strong>preponendam</strong></span> <span class='ocrx_word' id='word_1_271' title='bbox 1334 2879 1428 2927; x_wconf 86' lang='lat' dir='ltr'><strong>suadet</strong></span> 
     </span>
    </p>
   </div>
   <div class='ocr_carea' id='block_1_7' title="bbox 820 3068 926 3119">
    <p class='ocr_par' dir='ltr' id='par_1_7' title="bbox 820 3068 926 3119">
     <span class='ocr_line' id='line_1_29' title="bbox 820 3068 926 3119; baseline 0 0"><span class='ocrx_word' id='word_1_272' title='bbox 820 3068 926 3119; x_wconf 81' lang='lat' dir='ltr'><strong>NO&#39;l&#39;AE</strong></span> 
     </span>
    </p>
   </div>
   <div class='ocr_carea' id='block_1_8' title="bbox 334 3194 1429 4248">
    <p class='ocr_par' dir='ltr' id='par_1_8' title="bbox 334 3194 1429 4248">
     <span class='ocr_line' id='line_1_30' title="bbox 336 3194 1429 3264; baseline 0.004 -19"><span class='ocrx_word' id='word_1_273' title='bbox 336 3195 417 3245; x_wconf 79' lang='lat' dir='ltr'><strong>tuisse</strong></span> <span class='ocrx_word' id='word_1_274' title='bbox 435 3194 543 3246; x_wconf 74' lang='lat' dir='ltr'><strong>edincta</strong></span> <span class='ocrx_word' id='word_1_275' title='bbox 560 3196 627 3246; x_wconf 83' lang='lat' dir='ltr'><strong>circa</strong></span> <span class='ocrx_word' id='word_1_276' title='bbox 640 3195 788 3260; x_wconf 83' lang='lat' dir='ltr'><strong>Neapolim,</strong></span> <span class='ocrx_word' id='word_1_277' title='bbox 799 3212 862 3261; x_wconf 81' lang='lat' dir='ltr'><strong>quo·</strong></span> <span class='ocrx_word' id='word_1_278' title='bbox 934 3199 1093 3264; x_wconf 81' lang='lat' dir='ltr'><strong>¹Pulsisusa]</strong></span> <span class='ocrx_word' id='word_1_279' title='bbox 1102 3199 1208 3250; x_wconf 82' lang='lat' dir='ltr'><strong>Tacitus</strong></span> <span class='ocrx_word' id='word_1_280' title='bbox 1220 3204 1247 3250; x_wconf 88' lang='lat' dir='ltr'><strong>et</strong></span> <span class='ocrx_word' id='word_1_281' title='bbox 1258 3197 1311 3249; x_wconf 88' lang='lat' dir='ltr'><strong>Dio</strong></span> <span class='ocrx_word' id='word_1_282' title='bbox 1322 3197 1429 3258; x_wconf 85' lang='lat' dir='ltr'><strong>addunt,</strong></span> 
     </span>
     <span class='ocr_line' id='line_1_31' title="bbox 336 3271 1428 3338; baseline 0.003 -17"><span class='ocrx_word' id='word_1_283' title='bbox 336 3286 391 3321; x_wconf 84' lang='lat' dir='ltr'><strong>snm</strong></span> <span class='ocrx_word' id='word_1_284' title='bbox 414 3286 492 3322; x_wconf 86' lang='lat' dir='ltr'><strong>cansa</strong></span> <span class='ocrx_word' id='word_1_285' title='bbox 518 3272 603 3322; x_wconf 87' lang='lat' dir='ltr'><strong>dietus</strong></span> <span class='ocrx_word' id='word_1_286' title='bbox 629 3279 671 3321; x_wconf 91' lang='lat' dir='ltr'><strong>est</strong></span> <span class='ocrx_word' id='word_1_287' title='bbox 690 3287 707 3320; x_wconf 89' lang='lat' dir='ltr'><strong>a</strong></span> <span class='ocrx_word' id='word_1_288' title='bbox 726 3271 862 3322; x_wconf 65' lang='lat' dir='ltr'><strong>Triwane</strong></span> <span class='ocrx_word' id='word_1_289' title='bbox 902 3276 1007 3326; x_wconf 86' lang='lat' dir='ltr'><strong>multans</strong></span> <span class='ocrx_word' id='word_1_290' title='bbox 1031 3284 1139 3336; x_wconf 85' lang='lat' dir='ltr'><strong>restem,</strong></span> <span class='ocrx_word' id='word_1_291' title='bbox 1171 3289 1277 3338; x_wconf 87' lang='lat' dir='ltr'><strong>eamque</strong></span> <span class='ocrx_word' id='word_1_292' title='bbox 1305 3287 1428 3336; x_wconf 83' lang='lat' dir='ltr'><strong>crassam,</strong></span> 
     </span>
     <span class='ocr_line' id='line_1_32' title="bbox 336 3349 1428 3414; baseline -0.001 -17"><span class='ocrx_word' id='word_1_293' title='bbox 336 3349 438 3397; x_wconf 81' lang='lat' dir='ltr'><strong>Xerxes</strong></span> <span class='ocrx_word' id='word_1_294' title='bbox 449 3355 560 3413; x_wconf 86' lang='lat' dir='ltr'><strong>togatos,</strong></span> <span class='ocrx_word' id='word_1_295' title='bbox 570 3349 636 3414; x_wconf 86' lang='lat' dir='ltr'><strong>qnod</strong></span> <span class='ocrx_word' id='word_1_296' title='bbox 653 3350 679 3398; x_wconf 83' lang='lat' dir='ltr'><strong>irs</strong></span> <span class='ocrx_word' id='word_1_297' title='bbox 691 3363 723 3398; x_wconf 90' lang='lat' dir='ltr'><strong>ea</strong></span> <span class='ocrx_word' id='word_1_298' title='bbox 739 3350 861 3399; x_wconf 84' lang='lat' dir='ltr'><strong>marinam</strong></span> <span class='ocrx_word' id='word_1_299' title='bbox 897 3351 972 3413; x_wconf 87' lang='lat' dir='ltr'><strong>jussu</strong></span> <span class='ocrx_word' id='word_1_300' title='bbox 992 3351 1125 3400; x_wconf 85' lang='lat' dir='ltr'><strong>Macronis</strong></span> <span class='ocrx_word' id='word_1_301' title='bbox 1146 3351 1277 3414; x_wconf 86' lang='lat' dir='ltr'><strong>injectam,</strong></span> <span class='ocrx_word' id='word_1_302' title='bbox 1300 3356 1330 3398; x_wconf 92' lang='lat' dir='ltr'><strong>ut</strong></span> <span class='ocrx_word' id='word_1_303' title='bbox 1351 3349 1428 3400; x_wconf 87' lang='lat' dir='ltr'><strong>citius</strong></span> 
     </span>
     <span class='ocr_line' id='line_1_33' title="bbox 336 3417 1428 3489; baseline 0.001 -18"><span class='ocrx_word' id='word_1_304' title='bbox 336 3437 426 3488; x_wconf 81' lang='lat' dir='ltr'><strong>aqrrem</strong></span> <span class='ocrx_word' id='word_1_305' title='bbox 446 3423 588 3472; x_wconf 82' lang='lat' dir='ltr'><strong>induxisset</strong></span> <span class='ocrx_word' id='word_1_306' title='bbox 604 3423 636 3472; x_wconf 86' lang='lat' dir='ltr'><strong>ad</strong></span> <span class='ocrx_word' id='word_1_307' title='bbox 654 3421 795 3472; x_wconf 76' lang='lat' dir='ltr'><strong>faciliorem</strong></span> <span class='ocrx_word' id='word_1_308' title='bbox 812 3417 861 3486; x_wconf 84' lang='lat' dir='ltr'><strong>pis-</strong></span> <span class='ocrx_word' id='word_1_309' title='bbox 902 3424 1079 3476; x_wconf 78' lang='lat' dir='ltr'><strong>suffocaretur.</strong></span> <span class='ocrx_word' id='word_1_310' title='bbox 1112 3425 1183 3476; x_wconf 82' lang='lat' dir='ltr'><strong>Infra</strong></span> <span class='ocrx_word' id='word_1_311' title='bbox 1198 3427 1224 3474; x_wconf 91' lang='lat' dir='ltr'><strong>in</strong></span> <span class='ocrx_word' id='word_1_312' title='bbox 1239 3425 1355 3489; x_wconf 72' lang='lat' dir='ltr'><strong>Caligula</strong></span> <span class='ocrx_word' id='word_1_313' title='bbox 1370 3439 1428 3486; x_wconf 84' lang='lat' dir='ltr'><strong>cap.</strong></span> 
     </span>
     <span class='ocr_line' id='line_1_34' title="bbox 336 3495 1429 3564; baseline 0 -18"><span class='ocrx_word' id='word_1_314' title='bbox 336 3497 402 3546; x_wconf 86' lang='lat' dir='ltr'><strong>einm</strong></span> <span class='ocrx_word' id='word_1_315' title='bbox 422 3497 531 3561; x_wconf 85' lang='lat' dir='ltr'><strong>copiam,</strong></span> <span class='ocrx_word' id='word_1_316' title='bbox 550 3495 670 3559; x_wconf 88' lang='lat' dir='ltr'><strong>perfossis</strong></span> <span class='ocrx_word' id='word_1_317' title='bbox 688 3506 715 3546; x_wconf 90' lang='lat' dir='ltr'><strong>et</strong></span> <span class='ocrx_word' id='word_1_318' title='bbox 733 3499 862 3561; x_wconf 85' lang='lat' dir='ltr'><strong>suspensis</strong></span> <span class='ocrx_word' id='word_1_319' title='bbox 904 3504 943 3549; x_wconf 78' lang='lat' dir='ltr'><strong>la.</strong></span> <span class='ocrx_word' id='word_1_320' title='bbox 985 3499 1057 3549; x_wconf 85' lang='lat' dir='ltr'><strong>ldem</strong></span> <span class='ocrx_word' id='word_1_321' title='bbox 1085 3499 1118 3550; x_wconf 86' lang='lat' dir='ltr'><strong>de</strong></span> <span class='ocrx_word' id='word_1_322' title='bbox 1150 3501 1271 3564; x_wconf 86' lang='lat' dir='ltr'><strong>Plrilippo</strong></span> <span class='ocrx_word' id='word_1_323' title='bbox 1304 3499 1429 3548; x_wconf 84' lang='lat' dir='ltr'><strong>Demetrii</strong></span> 
     </span>
     <span class='ocr_line' id='line_1_35' title="bbox 334 3571 1428 3626; baseline -0.001 -4"><span class='ocrx_word' id='word_1_324' title='bbox 334 3574 361 3622; x_wconf 92' lang='lat' dir='ltr'><strong>in</strong></span> <span class='ocrx_word' id='word_1_325' title='bbox 374 3571 439 3622; x_wconf 86' lang='lat' dir='ltr'><strong>banc</strong></span> <span class='ocrx_word' id='word_1_326' title='bbox 451 3587 504 3621; x_wconf 87' lang='lat' dir='ltr'><strong>rem</strong></span> <span class='ocrx_word' id='word_1_327' title='bbox 516 3572 631 3622; x_wconf 83' lang='lat' dir='ltr'><strong>collibus.</strong></span> <span class='ocrx_word' id='word_1_328' title='bbox 902 3576 956 3624; x_wconf 87' lang='lat' dir='ltr'><strong>lilio</strong></span> <span class='ocrx_word' id='word_1_329' title='bbox 966 3575 1052 3624; x_wconf 79' lang='lat' dir='ltr'><strong>livius</strong></span> <span class='ocrx_word' id='word_1_330' title='bbox 1064 3575 1110 3624; x_wconf 91' lang='lat' dir='ltr'><strong>lib.</strong></span> <span class='ocrx_word' id='word_1_331' title='bbox 1123 3589 1142 3624; x_wconf 87' lang='lat' dir='ltr'><strong>r.</strong></span> <span class='ocrx_word' id='word_1_332' title='bbox 1158 3575 1250 3626; x_wconf 85' lang='lat' dir='ltr'><strong>decad.</strong></span> <span class='ocrx_word' id='word_1_333' title='bbox 1262 3589 1288 3624; x_wconf 86' lang='grc' dir='ltr'><strong>ν.</strong></span> <span class='ocrx_word' id='word_1_334' title='bbox 1307 3574 1380 3624; x_wconf 84' lang='lat' dir='ltr'><strong>Idem</strong></span> <span class='ocrx_word' id='word_1_335' title='bbox 1400 3582 1428 3622; x_wconf 88' lang='lat' dir='ltr'><strong>et</strong></span> 
     </span>
     <span class='ocr_line' id='line_1_36' title="bbox 367 3649 1427 3712; baseline 0.001 -16"><span class='ocrx_word' id='word_1_336' title='bbox 367 3655 380 3681; x_wconf 90' lang='lat'><em>¹</em></span> <span class='ocrx_word' id='word_1_337' title='bbox 401 3649 709 3712; x_wconf 65' lang='lat' dir='ltr'><strong>Mucodsmtaagess&#39;sse]</strong></span> <span class='ocrx_word' id='word_1_338' title='bbox 728 3649 863 3702; x_wconf 78' lang='lat' dir='ltr'><strong>consentit</strong></span> <span class='ocrx_word' id='word_1_339' title='bbox 901 3650 1010 3701; x_wconf 87' lang='lat' dir='ltr'><strong>bistoria</strong></span> <span class='ocrx_word' id='word_1_340' title='bbox 1032 3651 1161 3701; x_wconf 84' lang='lat' dir='ltr'><strong>recentior</strong></span> <span class='ocrx_word' id='word_1_341' title='bbox 1180 3651 1214 3700; x_wconf 88' lang='lat' dir='ltr'><strong>de</strong></span> <span class='ocrx_word' id='word_1_342' title='bbox 1236 3649 1374 3700; x_wconf 80' lang='lat' dir='ltr'><strong>Frederico</strong></span> <span class='ocrx_word' id='word_1_343' title='bbox 1397 3661 1427 3697; x_wconf 88' lang='lat' dir='ltr'><strong>rr.</strong></span> 
     </span>
     <span class='ocr_line' id='line_1_37' title="bbox 335 3725 1429 3792; baseline 0.002 -20"><span class='ocrx_word' id='word_1_344' title='bbox 335 3725 395 3774; x_wconf 87' lang='lat' dir='ltr'><strong>bule</strong></span> <span class='ocrx_word' id='word_1_345' title='bbox 411 3739 516 3774; x_wconf 88' lang='lat' dir='ltr'><strong>nurnero</strong></span> <span class='ocrx_word' id='word_1_346' title='bbox 527 3725 638 3774; x_wconf 75' lang='lat' dir='ltr'><strong>Tacitus.</strong></span> <span class='ocrx_word' id='word_1_347' title='bbox 672 3726 724 3774; x_wconf 91' lang='lat' dir='ltr'><strong>Dio</strong></span> <span class='ocrx_word' id='word_1_348' title='bbox 735 3725 862 3788; x_wconf 81' lang='lat' dir='ltr'><strong>exactius,</strong></span> <span class='ocrx_word' id='word_1_349' title='bbox 903 3729 1090 3778; x_wconf 85' lang='lat' dir='ltr'><strong>Germanorum</strong></span> <span class='ocrx_word' id='word_1_350' title='bbox 1110 3727 1281 3792; x_wconf 81' lang='lat' dir='ltr'><strong>Imperatore,</strong></span> <span class='ocrx_word' id='word_1_351' title='bbox 1294 3726 1365 3776; x_wconf 88' lang='lat' dir='ltr'><strong>circa</strong></span> <span class='ocrx_word' id='word_1_352' title='bbox 1384 3739 1429 3774; x_wconf 84' lang='lat' dir='ltr'><strong>au·</strong></span> 
     </span>
     <span class='ocr_line' id='line_1_38' title="bbox 334 3801 1279 3864; baseline 0 -14"><span class='ocrx_word' id='word_1_353' title='bbox 334 3802 498 3864; x_wconf 86' lang='lat' dir='ltr'><strong>septuaginta</strong></span> <span class='ocrx_word' id='word_1_354' title='bbox 513 3801 639 3851; x_wconf 73' lang='lat' dir='ltr'><strong>duntaxat</strong></span> <span class='ocrx_word' id='word_1_355' title='bbox 656 3808 683 3850; x_wconf 91' lang='lat' dir='ltr'><strong>et</strong></span> <span class='ocrx_word' id='word_1_356' title='bbox 703 3809 800 3864; x_wconf 85' lang='lat' dir='ltr'><strong>septem</strong></span> <span class='ocrx_word' id='word_1_357' title='bbox 817 3817 861 3851; x_wconf 89' lang='lat' dir='ltr'><strong>au·</strong></span> <span class='ocrx_word' id='word_1_358' title='bbox 902 3815 962 3852; x_wconf 90' lang='lat' dir='ltr'><strong>num</strong></span> <span class='ocrx_word' id='word_1_359' title='bbox 974 3804 1064 3854; x_wconf 86' lang='lat' dir='ltr'><strong>salutis</strong></span> <span class='ocrx_word' id='word_1_360' title='bbox 1076 3804 1193 3852; x_wconf 75' lang='lat' dir='ltr'><strong>bumana</strong></span> <span class='ocrx_word' id='word_1_361' title='bbox 1206 3806 1279 3852; x_wconf 70' lang='lat'><strong>82⁵⁰.</strong></span> 
     </span>
     <span class='ocr_line' id='line_1_39' title="bbox 336 3878 1429 3942; baseline 0 -16"><span class='ocrx_word' id='word_1_362' title='bbox 336 3893 391 3934; x_wconf 89' lang='lat' dir='ltr'><strong>nos,</strong></span> <span class='ocrx_word' id='word_1_363' title='bbox 401 3891 500 3928; x_wconf 85' lang='lat' dir='ltr'><strong>menses</strong></span> <span class='ocrx_word' id='word_1_364' title='bbox 511 3884 630 3942; x_wconf 86' lang='lat' dir='ltr'><strong>quatuor,</strong></span> <span class='ocrx_word' id='word_1_365' title='bbox 642 3878 696 3927; x_wconf 87' lang='lat' dir='ltr'><strong>dies</strong></span> <span class='ocrx_word' id='word_1_366' title='bbox 707 3893 797 3928; x_wconf 85' lang='lat' dir='ltr'><strong>novem</strong></span> <span class='ocrx_word' id='word_1_367' title='bbox 809 3879 876 3942; x_wconf 77' lang='lat' dir='ltr'><strong>via·⁸</strong></span> <span class='ocrx_word' id='word_1_368' title='bbox 933 3885 946 3912; x_wconf 82' lang='lat'>⁸</span> <span class='ocrx_word' id='word_1_369' title='bbox 961 3878 1075 3940; x_wconf 74' lang='lat' dir='ltr'><strong>Asalasr]</strong></span> <span class='ocrx_word' id='word_1_370' title='bbox 1091 3879 1157 3928; x_wconf 87' lang='lat' dir='ltr'><strong>Eum</strong></span> <span class='ocrx_word' id='word_1_371' title='bbox 1173 3878 1296 3941; x_wconf 79' lang='lat' dir='ltr'><strong>intellige,</strong></span> <span class='ocrx_word' id='word_1_372' title='bbox 1309 3891 1358 3941; x_wconf 85' lang='lat' dir='ltr'><strong>que</strong></span> <span class='ocrx_word' id='word_1_373' title='bbox 1370 3889 1429 3939; x_wconf 87' lang='lat' dir='ltr'><strong>pre·</strong></span> 
     </span>
     <span class='ocr_line' id='line_1_40' title="bbox 335 3951 1428 4018; baseline 0 -18"><span class='ocrx_word' id='word_1_374' title='bbox 335 3952 385 4001; x_wconf 87' lang='lat' dir='ltr'><strong>isse</strong></span> <span class='ocrx_word' id='word_1_375' title='bbox 402 3951 523 4002; x_wconf 81' lang='lat' dir='ltr'><strong>referens.</strong></span> <span class='ocrx_word' id='word_1_376' title='bbox 557 3953 596 4000; x_wconf 87' lang='lat' dir='ltr'><strong>De</strong></span> <span class='ocrx_word' id='word_1_377' title='bbox 617 3959 732 4015; x_wconf 89' lang='lat' dir='ltr'><strong>ternpore</strong></span> <span class='ocrx_word' id='word_1_378' title='bbox 748 3967 799 4017; x_wconf 80' lang='lat' dir='ltr'><strong>quo</strong></span> <span class='ocrx_word' id='word_1_379' title='bbox 815 3953 862 4002; x_wconf 90' lang='lat' dir='ltr'><strong>im·</strong></span> <span class='ocrx_word' id='word_1_380' title='bbox 902 3953 1155 4018; x_wconf 77' lang='lat' dir='ltr'><strong>tiosissimaquaque</strong></span> <span class='ocrx_word' id='word_1_381' title='bbox 1165 3953 1343 4016; x_wconf 72' lang='lat' dir='ltr'><strong>obsignabant,</strong></span> <span class='ocrx_word' id='word_1_382' title='bbox 1355 3954 1428 4015; x_wconf 86' lang='lat' dir='ltr'><strong>cnjus</strong></span> 
     </span>
     <span class='ocr_line' id='line_1_41' title="bbox 335 4029 1427 4090; baseline -0.002 -13"><span class='ocrx_word' id='word_1_383' title='bbox 335 4030 436 4090; x_wconf 72' lang='lat' dir='ltr'><strong>persoir</strong></span> <span class='ocrx_word' id='word_1_384' title='bbox 446 4029 572 4080; x_wconf 85' lang='lat' dir='ltr'><strong>Suetonio</strong></span> <span class='ocrx_word' id='word_1_385' title='bbox 580 4042 630 4078; x_wconf 89' lang='lat' dir='ltr'><strong>non</strong></span> <span class='ocrx_word' id='word_1_386' title='bbox 640 4030 805 4080; x_wconf 85' lang='lat' dir='ltr'><strong>consentiunt</strong></span> <span class='ocrx_word' id='word_1_387' title='bbox 817 4031 860 4080; x_wconf 89' lang='lat' dir='ltr'><strong>alii</strong></span> <span class='ocrx_word' id='word_1_388' title='bbox 901 4029 1007 4081; x_wconf 89' lang='lat' dir='ltr'><strong>traditio</strong></span> <span class='ocrx_word' id='word_1_389' title='bbox 1025 4029 1191 4080; x_wconf 84' lang='lat' dir='ltr'><strong>successionis</strong></span> <span class='ocrx_word' id='word_1_390' title='bbox 1212 4029 1308 4079; x_wconf 75' lang='lat' dir='ltr'><strong>futura</strong></span> <span class='ocrx_word' id='word_1_391' title='bbox 1330 4029 1427 4090; x_wconf 86' lang='lat' dir='ltr'><strong>signum</strong></span> 
     </span>
     <span class='ocr_line' id='line_1_42' title="bbox 339 4103 1428 4168; baseline 0.002 -18"><span class='ocrx_word' id='word_1_392' title='bbox 339 4103 442 4166; x_wconf 83' lang='lat' dir='ltr'><strong>quidam</strong></span> <span class='ocrx_word' id='word_1_393' title='bbox 453 4104 578 4154; x_wconf 85' lang='lat' dir='ltr'><strong>historici.</strong></span> <span class='ocrx_word' id='word_1_394' title='bbox 901 4109 966 4167; x_wconf 83' lang='lat' dir='ltr'><strong>erat,</strong></span> <span class='ocrx_word' id='word_1_395' title='bbox 986 4109 1017 4156; x_wconf 91' lang='lat' dir='ltr'><strong>nt</strong></span> <span class='ocrx_word' id='word_1_396' title='bbox 1032 4118 1112 4168; x_wconf 89' lang='lat' dir='ltr'><strong>snpra</strong></span> <span class='ocrx_word' id='word_1_397' title='bbox 1127 4112 1244 4155; x_wconf 86' lang='lat' dir='ltr'><strong>notatum</strong></span> <span class='ocrx_word' id='word_1_398' title='bbox 1262 4113 1310 4167; x_wconf 91' lang='lat' dir='ltr'><strong>est,</strong></span> <span class='ocrx_word' id='word_1_399' title='bbox 1326 4103 1373 4154; x_wconf 89' lang='lat' dir='ltr'><strong>nisi</strong></span> <span class='ocrx_word' id='word_1_400' title='bbox 1390 4111 1428 4152; x_wconf 90' lang='lat' dir='ltr'><strong>ta·</strong></span> 
     </span>
     <span class='ocr_line' id='line_1_43' title="bbox 368 4179 1427 4248; baseline 0.001 -22"><span class='ocrx_word' id='word_1_401' title='bbox 368 4185 379 4220; x_wconf 72' lang='lat' dir='ltr'><strong>r</strong></span> <span class='ocrx_word' id='word_1_402' title='bbox 398 4179 468 4244; x_wconf 76' lang='lat' dir='ltr'><strong>cois]</strong></span> <span class='ocrx_word' id='word_1_403' title='bbox 484 4182 607 4246; x_wconf 83' lang='lat' dir='ltr'><strong>Caligula,</strong></span> <span class='ocrx_word' id='word_1_404' title='bbox 623 4183 657 4232; x_wconf 84' lang='lat' dir='ltr'><strong>de</strong></span> <span class='ocrx_word' id='word_1_405' title='bbox 673 4195 723 4248; x_wconf 82' lang='lat' dir='ltr'><strong>quo</strong></span> <span class='ocrx_word' id='word_1_406' title='bbox 740 4182 804 4232; x_wconf 88' lang='lat' dir='ltr'><strong>libro</strong></span> <span class='ocrx_word' id='word_1_407' title='bbox 821 4196 860 4232; x_wconf 86' lang='lat' dir='ltr'><strong>ae·</strong></span> <span class='ocrx_word' id='word_1_408' title='bbox 900 4195 959 4230; x_wconf 88' lang='lat' dir='ltr'><strong>rnen</strong></span> <span class='ocrx_word' id='word_1_409' title='bbox 972 4186 1153 4232; x_wconf 81' lang='lat' dir='ltr'><strong>testamentum</strong></span> <span class='ocrx_word' id='word_1_410' title='bbox 1168 4181 1292 4232; x_wconf 87' lang='lat' dir='ltr'><strong>obstaret.</strong></span> <span class='ocrx_word' id='word_1_411' title='bbox 1325 4179 1427 4230; x_wconf 79' lang='lat' dir='ltr'><strong>Videris</strong></span> 
     </span>
    </p>
   </div>
   <div class='ocr_carea' id='block_1_9' title="bbox 336 4257 1290 4321">
    <p class='ocr_par' dir='ltr' id='par_1_9' title="bbox 336 4257 1290 4321">
     <span class='ocr_line' id='line_1_44' title="bbox 336 4257 1290 4321; baseline 0.003 -19"><span class='ocrx_word' id='word_1_412' title='bbox 336 4263 438 4317; x_wconf 88' lang='lat' dir='ltr'><strong>quente.</strong></span> <span class='ocrx_word' id='word_1_413' title='bbox 901 4257 988 4308; x_wconf 79' lang='lat' dir='ltr'><strong>Valet.</strong></span> <span class='ocrx_word' id='word_1_414' title='bbox 999 4257 1071 4306; x_wconf 86' lang='lat' dir='ltr'><strong>Max.</strong></span> <span class='ocrx_word' id='word_1_415' title='bbox 1081 4257 1126 4308; x_wconf 91' lang='lat' dir='ltr'><strong>lib.</strong></span> <span class='ocrx_word' id='word_1_416' title='bbox 1137 4269 1185 4308; x_wconf 80' lang='lat' dir='ltr'><strong>uu.</strong></span> <span class='ocrx_word' id='word_1_417' title='bbox 1198 4273 1255 4321; x_wconf 89' lang='lat' dir='ltr'><strong>cap.</strong></span> <span class='ocrx_word' id='word_1_418' title='bbox 1267 4262 1290 4306; x_wconf 77' lang='lat'><strong>0.</strong></span> 
     </span>
    </p>
   </div>
   <div class='ocr_carea' id='block_1_10' title="bbox 0 0 1622 4914">
    <p class='ocr_par' dir='ltr' id='par_1_10' title="bbox 0 0 1622 4914">
     <span class='ocr_line' id='line_1_45' title="bbox 0 0 1622 4914; baseline 0 0"><span class='ocrx_word' id='word_1_419' title='bbox 0 0 1622 4914; x_wconf 95' lang='lat' dir='ltr'><strong> </strong></span> 
     </span>
    </p>
   </div>
  </div>
 </body>
</html>
