3228 4914
696 379 882 428 eruentus.
1272 369 1337 436 485

245 524 435 606 tiouumque
455 541 625 606 nunquam
648 521 783 598 salerio,
806 523 941 600 cibariis
963 528 1101 602 tuntum,
1116 529 1335 605 sustentatum

243 643 310 688 uns
323 624 425 690 modo
441 624 665 700 liberalitate,⁹
687 644 731 688 ex
752 622 957 704 indulgentia
982 625 1100 702 vitrici,
1123 636 1334 710 prosecutus,

243 745 330 802 cum,
345 727 450 790 tribus
464 725 690 790 classibusev
704 725 802 788 factis
818 743 882 806 pro
898 725 1060 806 dignitate
1076 729 1250 812 cujusque,
1267 731 1334 811 pri-

242 833 334 890 rusew
347 835 507 889 sexcenta
530 826 693 902 sestertia,
714 825 872 890 secuudae
893 828 1131 910 quadringenta
1153 829 1334 908 distribuit,

242 925 384 990 ducenta
400 926 518 1002 tertiae,
534 945 632 1008 quum
647 945 712 989 non
725 927 916 1005 amicorum,
931 927 990 992 sed
1001 938 1204 1011 gratorum¹'
1220 933 1334 1014 appel·

697 1119 873 1140 conuento·

240 1239 257 1286 1.
269 1237 338 1288 Oud.
350 1237 392 1300 qui
402 1237 460 1288 ideo
472 1236 544 1287 dedit
553 1237 649 1299 capris)
660 1237 816 1300 Barnun-9
829 1237 870 1288 lte
881 1253 914 1286 ex
932 1237 1047 1288 Turneb.
1059 1236 1188 1288 sententie
1199 1238 1267 1288 Λᾶν.
1275 1251 1333 1290 xiv.

241 1307 280 1352 lt.
292 1316 350 1351 curu
363 1303 394 1350 R.
406 1301 497 1364 stepu.
509 1302 597 1351 Pollu.
608 1309 637 1351 et
648 1315 722 1367 seqq.
735 1309 763 1352 ut
774 1303 870 1352 ltebeut
881 1303 989 1352 Morum.
1000 1310 1028 1351 et
1039 1302 1099 1350 Urs.
1110 1301 1184 1350 liber.
1213 1303 1288 1351 Unum
1300 1319 1332 1354 m.

239 1365 406 1415 liberalitatem
414 1362 477 1414 dent
486 1367 550 1415 Mes.
560 1366 636 1416 Torr.
643 1366 732 1415 Burro.
742 1373 769 1415 et
776 1367 845 1416 Oud.
855 1381 913 1415 curn
926 1364 993 1415 Edd.
1005 1367 1077 1415 Vett.
1095 1367 1226 1415 tttertoteu
1235 1367 1334 1417 Medic.

239 1434 264 1480 2.
280 1430 388 1488 libertate
400 1432 471 1480 Duu.
504 1431 572 1480 Dein
581 1437 717 1480 conseretur
731 1431 862 1481 Medic-8.
874 1431 942 1482 Edd.
960 1432 1021 1480 Bes.
1034 1430 1134 1494 Gryob·
1143 1430 1224 1480 Colio.
1242 1432 1332 1482 Dolet.

237 1500 372 1556 pauentes
382 1495 460 1543 Fouc.
472 1501 499 1542 et
512 1495 607 1543 victrici
618 1495 651 1542 de
663 1507 733 1543 ruore
745 1497 809 1544 ltlss.
821 1503 931 1558 quotuor
941 1495 1012 1544 Oud.
1027 1502 1054 1544 et
1072 1495 1168 1556 aliquot
1180 1493 1246 1543 Edd.
1258 1495 1332 1544 Vett.

238 1561 303 1608 -10
322 1557 435 1608 Closeiois
450 1559 536 1608 Peru.
567 1560 630 1607 'ium
648 1564 787 1608 sexcenteno
806 1559 904 1608 Medic.
917 1561 973 1608 Μ.
993 1558 1078 1607 Perit.
1096 1557 1163 1606 Edd.
1180 1557 1332 1608 Renuven.

238 1622 305 1672 Bou.
317 1623 400 1686 Lugd.
409 1621 483 1673 Juot.
496 1622 558 1674 Ald.
568 1623 685 1688 situque,
693 1629 816 1673 tectecetc
827 1622 907 1672 Viud.
919 1628 942 1671 1.
972 1623 1087 1671 Freinsb.
1099 1621 1131 1670 ed
1143 1623 1216 1671 Curt.
1227 1622 1245 1671 1.
1257 1635 1295 1672 vr.
1307 1627 1333 1674 t.

239 1690 279 1735 tt.
291 1686 427 1744 legendum
445 1694 519 1748 putet
538 1701 646 1745 resecto,
662 1701 720 1736 ntox
738 1687 900 1748 quadringena
911 1693 937 1734 et
949 1687 1093 1736 decern-l
1114 1685 1189 1735 Hauc
1201 1688 1261 1734 lect.
1274 1701 1332 1736 curn

238 1750 484 1800 Mes.'1'urneb.uno
495 1751 580 1799 Pulm.
591 1752 666 1800 Torr.
678 1751 795 1816 aliisque,
806 1759 834 1799 et
846 1750 912 1799 Edd.
923 1751 996 1798 Vett.
1007 1748 1151 1798 defendunt
1162 1751 1248 1798 Burro.
1262 1749 1333 1799 Oud.

238 1814 300 1862 Ero.
313 1811 389 1862 Wolf.
408 1814 546 1863 Groeeomst
558 1815 663 1864 Mentor.
673 1817 743 1865 Duo.
755 1815 811 1864 Pol.
822 1821 844 1864 l.
852 1817 876 1864 ².
888 1814 937 1864 Ed.
948 1815 1039 1877 Stepb.
1048 1813 1116 1877 quod
1129 1813 1271 1877 praeferunt
1283 1815 1333 1864 Ca·

237 1879 308 1929 stob-
317 1878 398 1928 Grou.
411 1879 488 1930 Grut.
511 1879 604 1928 Mellet
616 1879 704 1930 Graer.
718 1879 855 1941 Graiorum,
865 1885 893 1928 et
902 1878 987 1928 Boxlr.
1001 1879 1172 1927 oraculorum.
1199 1878 1231 1927 ln
1243 1878 1299 1929 Pel.
1309 1883 1333 1928 t.

731 2024 841 2076 NOTAE

236 2135 345 2185 comites
364 2151 464 2200 quoque
481 2135 661 2186 consistoriani
676 2138 764 2200 sppel·
804 2135 943 2184 iuuovcndi
959 2135 1031 2184 istius
1048 2134 1125 2183 moris
1142 2135 1250 2196 unimus,
1262 2135 1331 2198 quod

237 2211 283 2260 leti
294 2218 363 2272 eunt,
375 2212 459 2262 donec
469 2211 653 2262 Constantinus
661 2213 763 2264 titulum
804 2213 905 2260 Drusus
917 2211 961 2258 ille
979 2224 1044 2260 uuus
1057 2223 1072 2258 e
1083 2210 1134 2258 suls
1145 2207 1281 2270 majoribus
1293 2209 1332 2258 in-

235 2287 398 2336 bonomium
417 2301 475 2348 esse
486 2288 576 2342 uoluit.
593 2294 620 2338 et
636 2288 667 2338 ed
681 2288 764 2338 rurist
805 2294 846 2336 ter
857 2286 913 2350 ejus
926 2291 1043 2335 suctores
1056 2291 1243 2334 recenseretur.
1261 2284 1331 2334 Hinc

236 2361 470 2412 administrctioues
489 2363 615 2425 adhibuit,
635 2378 698 2428 quer
715 2363 764 2414 hoc
803 2363 943 2412 suricorum
956 2362 1081 2416 cohorter,
1093 2360 1125 2409 de
1138 2361 1231 2424 quibus
1243 2360 1319 2411 iutro.

236 2439 313 2488 titulo
329 2439 473 2490 decoravit.
517 2437 595 2493 Hinc,
612 2447 643 2488 ut
664 2439 763 2490 noterit
835 2445 851 2470 '
868 2438 970 2500 Prote]
988 2437 1024 2486 Hi
1037 2437 1289 2497 eruutlrouestioree,
1301 2446 1331 2487 et

236 2516 382 2565 Briseotrlus
404 2514 437 2564 de
456 2515 527 2564 verb.
549 2515 657 2580 siguific.
678 2516 763 2565 Corui·
803 2515 875 2576 quusi
895 2513 1030 2562 interiores
1049 2510 1134 2572 eroiei,
1154 2524 1218 2575 quot
1238 2511 1330 2562 iterum

237 2597 289 2640 turn
303 2592 496 2655 appellationes,
514 2598 542 2640 et
556 2593 658 2656 species
674 2594 762 2656 vorin,
800 2589 900 2640 Seneca
910 2588 954 2638 lib.
972 2602 993 2639 ι.
1012 2588 1045 2637 de
1058 2588 1203 2637 Clementia
1217 2601 1274 2654 cop.
1290 2591 1330 2638 to.

234 2679 282 2729 pro
293 2667 540 2718 administrationum
553 2665 691 2726 verietate,
703 2682 726 2720 r.
735 2683 761 2731 g.
799 2669 897 2716 ‘toturn
916 2663 1049 2715 cohortem
1072 2662 1179 2726 primun
1199 2664 1330 2714 interioris

235 2739 464 2798 θοιιιειιιοιιιιιιιι
477 2743 763 2806 Iatrgitiouum,cornes
800 2741 977 2802 ctlnrisrionie,’
998 2743 1122 2805 appellat·
1156 2740 1227 2790 Hinc
1249 2742 1328 2792 etism
1414 2787 1417 2795 .

236 2817 330 2868 Rerum
343 2820 511 2881 privatarum,
522 2819 615 2868 Comes
626 2818 700 2868 Sacri
711 2818 762 2867 Pn-
798 2817 991 2868 eduisrioneles
1014 2817 1098 2876 eutici,
1120 2821 1148 2866 et
1169 2815 1328 2866 admissionis

188 2883 190 2888 ’
234 2893 357 2951 utitem
800 2891 921 2942 officium.

268 2968 513 3031 ’Μάνεω
540 2968 695 3028 Amicorum.
711 2979 761 3016 non
894 2981 1026 3030 sexcenta
1125 2978 1264 3028 eunoun

236 3043 347 3100 utrium.
381 3050 411 3094 nt
438 3043 568 3093 sentiebat
600 3041 760 3092 Beroaldus:
864 2983 1263 3166 {Qarsdrtngeuti}1ttootjb.

235 3127 310 3170 erent
332 3121 399 3170 euim
417 3121 457 3172 hae
477 3122 571 3171 classes
584 3121 647 3170 terii
658 3119 760 3170 ordines
896 3109 1016 3158 Ducem&
1142 3109 1206 3154 ⁸⁷⁵⁰
1218 3105 1262 3154 Ιώ·

230 3197 308 3258 juxte
320 3211 377 3246 eum
391 3197 508 3260 gradum,
518 3211 593 3262 quem
611 3196 717 3262 quisque
734 3195 761 3244 in
830 3201 842 3228 ¹
870 3195 1000 3245 Gruterum
1027 3195 1193 3259 [Gruterum]
1225 3193 1281 3243 lior
1300 3201 1329 3244 et

234 3271 349 3322 amicitia
364 3271 492 3336 Principis
511 3271 655 3334 obtinebat,
674 3280 703 3320 ot
722 3285 760 3322 ee·
799 3285 887 3321 eorum
912 3271 1024 3334 linguent
1042 3284 1135 3332 magno
1152 3269 1179 3318 iu
1196 3277 1328 3319 contemtu

233 3357 291 3396 seut
309 3348 384 3398 amici
404 3349 490 3411 primi,
508 3347 623 3410 secundi,
643 3357 672 3396 et
690 3347 761 3396 tertii
798 3348 933 3398 habitatus
944 3345 1327 3407 TiberionotetCssenbouus;

234 3425 351 3487 ordinis;
383 3439 414 3482 ce
446 3423 553 3474 totidem
580 3421 758 3478 admissiones,
799 3425 991 3488 undequomris
1003 3425 1029 3474 in
1045 3423 1168 3474 comitutu
1181 3423 1327 3486 principum

234 3516 298 3568 quae
315 3509 401 3550 stante
420 3499 567 3564 Republice
583 3501 700 3550 iureutet
716 3512 760 3562 ps·
798 3501 908 3551 virorum
921 3501 1007 3551 Grteei
1021 3515 1123 3564 semper
1140 3499 1245 3558 fuerint,
1257 3499 1328 3566 iique

234 3585 274 3626 tet
291 3591 324 3626 ex
339 3577 447 3626 Seneca
463 3577 507 3628 lib.
519 3590 556 3626 vr.
574 3576 605 3624 de
622 3573 760 3626 Beneficiis
798 3577 965 3641 utplurimum
978 3577 1075 3628 literati
1084 3577 1198 3626 homiues
1207 3584 1234 3626 et
1246 3578 1327 3640 philo·

233 3666 292 3716 cop.
311 3657 352 3702 tt.
374 3651 469 3718 ‘Apud
487 3667 533 3702 uos
553 3651 629 3715 primi
649 3651 759 3700 oninium
782 3653 881 3717 ‘septb
892 3660 921 3704 ut
932 3669 1011 3717 supro
1024 3653 1048 3702 in
1066 3653 1136 3706 lulio
1155 3668 1213 3718 cop.
1230 3658 1271 3704 tt.
1282 3668 1327 3703 no·

234 3729 264 3778 C.
276 3728 419 3789 Gracchus,
432 3736 459 3777 et
479 3744 538 3778 mox
556 3729 643 3780 Livius
658 3730 759 3778 Drusus
798 3737 880 3780 toturn
892 3738 950 3791 eet,
977 3729 1057 3779 setius
1076 3735 1163 3779 temen
1182 3729 1285 3778 videtur
1299 3729 1327 3778 id

232 3803 398 3855 instituerunt
413 3817 550 3866 regregare
569 3803 668 3853 turbem
680 3819 761 3865 suunt,
798 3805 944 3867 intelligere
956 3801 989 3852 de
1004 3803 1142 3853 contemtis
1158 3802 1209 3852 illis
1227 3803 1327 3865 euticis,

233 3886 262 3930 et
279 3879 342 3927 elios
360 3877 385 3926 in
404 3885 531 3927 secretum
550 3878 679 3941 recipere,
697 3879 759 3927 elios
798 3895 862 3944 qnos
874 3880 1044 3944 parasitorum
1058 3879 1326 3942 insterbobebet,nou

233 3971 292 4006 euru
317 3953 440 4020 pluribus,
460 3954 521 4004 ulios
542 3969 600 4003 curn
623 3953 759 4004 universis.
799 3968 860 4004 vero
882 3955 915 4004 de
941 3955 971 4004 iis
996 3957 1131 4010 duntaxat,
1155 3956 1199 4019 qui
1221 3957 1327 4006 ustione

234 4031 484 4096 Habueruntitsque
494 4029 538 4081 isti
546 4031 642 4080 eroicbs
654 4030 773 4092 primos,
798 4031 885 4081 Graecl
903 4029 998 4080 forent.
1030 4029 1099 4080 iiiuc
1117 4038 1189 4094 petet
1200 4029 1263 4082 ferri
1275 4045 1326 4082 oon

232 4109 378 4158 habueruut
408 4115 436 4155 et
463 4106 600 4168 secundos,
629 4121 759 4169 nunquam
798 4121 873 4172 posse
885 4106 1032 4170 lectionem,
1041 4121 1116 4171 quern
1128 4107 1153 4156 i
1166 4122 1216 4158 uuo
1228 4122 1260 4159 er
1273 4109 1326 4157 suis

233 4183 327 4234 veros.'
356 4181 432 4232 Unde
445 4182 523 4234 etiem
536 4181 646 4234 fortusse
657 4183 760 4234 Tiberio
798 4182 931 4234 codicibus
942 4183 1093 4234 Torrentius
1105 4183 1214 4249 rideret,
1225 4193 1252 4236 et
1262 4185 1324 4234 Tur·
