3228 4914
351 447 416 514 530
777 461 810 508 c.
833 459 1013 509 eunrourr

352 611 435 684 reni,
451 624 490 669 ne
511 608 638 670 mortuo
660 601 776 667 sedem
798 593 914 680 ullem',
938 603 1004 667 nisi
1029 601 1110 665 inter
1134 601 1270 685 impios,
1292 601 1441 683 derent3’

354 709 411 776 elii
424 725 544 772 uncum
560 711 595 768 et
616 700 822 768 Gemoniosh
836 701 990 768 cadaveri
1014 702 1225 780 minorentur,
1250 705 1446 770 exacerbati

353 825 454 890 super
467 806 659 872 memoriam
674 805 824 888 pristinae
840 804 1044 868 crudelitatis
1068 803 1170 866 etiem
1186 807 1308 868 recenti
1325 809 1446 870 atroni-

353 914 435 972 tete.
480 907 661 972 Nemeum
681 901 998 972 senatusconsulto¹
1015 913 1146 969 cautum
1163 911 1276 982 esset,³
1293 913 1328 969 ut
1343 925 1446 988 poena

327 1030 331 1039 ¹
354 1008 584 1074 damnatorum
597 1009 632 1071 in
644 1009 811 1072 decimum
827 1025 961 1090 semper
976 1006 1062 1070 diem
1076 1005 1271 1080 differretur,
1285 1006 1369 1069 forte
1386 1026 1445 1071 ec-

353 1109 443 1186 cidit,
457 1115 494 1173 ut
508 1109 717 1193 quorundam
732 1108 890 1191 supplicil
912 1107 984 1172 dies
1004 1108 1034 1174 iu
1054 1112 1150 1180 esset,
1173 1126 1242 1190 qno
1258 1109 1441 1172 nuntiatum

353 1210 395 1276 de
414 1210 549 1274 Tiberio
564 1217 646 1274 oret.
691 1208 768 1273 Hos
789 1207 1005 1291 implorantes
1029 1207 1198 1272 hominnm
1219 1207 1329 1284 fidem,
1352 1209 1443 1291 quie,

354 1311 495 1378 absente
512 1309 621 1374 adhuc
637 1306 732 1385 Ceio,
748 1327 842 1370 nemo
856 1309 1023 1384 extabat*
1049 1309 1107 1391 qni
1126 1307 1206 1372 adiri
1223 1309 1442 1392 interpellari-

354 1429 420 1492 que
431 1417 562 1492 posset,
579 1409 749 1486 custodes,
774 1429 816 1476 ue
840 1409 922 1492 quid
945 1409 1105 1472 adversus
1121 1411 1337 1472 constitutum
1353 1409 1445 1472 sace·

354 1515 437 1587 rent,
451 1511 743 1591 strangulaverunt,
769 1509 1020 1593 abjeceruntque
1042 1510 1075 1573 in
1091 1509 1286 1575 Gemonias.
1330 1507 1447 1572 Crevit

356 1613 454 1693 igitur
467 1611 603 1686 invidio,
615 1611 713 1693 quusi
728 1611 827 1674 etiam
841 1617 1066 1694 postmortem
1080 1611 1213 1694 tyranni
1228 1609 1360 1674 saevitia
1371 1628 1446 1692 per-

355 1717 518 1774 manente.
553 1709 684 1792 Corpus
700 1715 755 1773 ut⁵
770 1711 898 1774 moveri
913 1730 934 1772 e
950 1710 1082 1773 Miseno
1098 1711 1218 1791 coepit,
1234 1710 1446 1774 conclamari·
1478 1745 1482 1750 -

355 1811 447 1873 tibus
470 1810 650 1891 plerisque,
673 1805 859 1872 ‘Atellamlt
882 1811 992 1891 potius
1013 1808 1234 1888 deserendum,
1259 1815 1294 1873 ei
1317 1810 1350 1871 in
1365 1807 1446 1872 Am-

354 1906 561 1992 phitheatro¹
577 1908 892 1984 semiustulendum’
909 1908 1051 1974 Romam
1076 1928 1135 1991 per
1153 1909 1275 1974 milites
1289 1908 1447 1992 deporte-

286 2087 287 2090 Ἴ
356 2016 427 2072 tum
442 2017 506 2086 est,
522 2016 767 2091 crematumque
776 2009 913 2091 publico
929 2009 1051 2071 sunere.
1095 2008 1175 2092 [td]
1196 2008 1445 2073 Testamentum

356 2110 484 2191 duplex
513 2116 590 2174 ente
619 2110 786 2173 biennium
809 2107 955 2174 iecerat:
977 2108 1117 2174 alterum
1143 2127 1217 2183 sue,
1244 2101 1382 2172 ulteru'm
1405 2108 1445 2171 li·

356 2209 462 2282 berti⁶
476 2227 590 2288 manu,
607 2210 664 2274 sed
680 2210 796 2280 eodem
806 2209 984 2292 exemplo;
1000 2209 1301 2292 obsignaueratque
1311 2217 1332 2244 '¹¹
1343 2211 1446 2276 etiam

811 2387 992 2410 ΜΝΜΟΙΙ

358 2505 420 2554 Llrl.
438 2501 494 2556 cod
513 2501 681 2554 Tiberine-2
698 2501 846 2562 Matremque
862 2499 940 2548 Vind.
958 2504 980 2549 1.
997 2506 1025 2550 et
1040 2501 1121 2550 bene·
1136 2499 1246 2562 cub-2
1263 2499 1304 2548 Sic
1321 2513 1378 2547 corn
1396 2499 1447 2547 Be-

357 2568 437 2628 roald.
449 2582 464 2616 e
476 2568 527 2620 rut·
539 2567 604 2616 Mer.
616 2565 697 2615 edidit
709 2564 818 2614 Cnseub.
830 2564 1013 2613 recedentibus
1027 2565 1123 2613 Medic.
1141 2563 1220 2614 Petit.
1238 2563 1296 2625 Cuj.
1308 2563 1384 2610 Vere.
1401 2561 1446 2610 ell-

357 2639 421 2694 quot
430 2631 540 2680 remor
555 2631 640 2680 Noun.
658 2628 689 2678 ln
699 2629 792 2678 oeterir
803 2637 830 2676 er
838 2626 905 2676 Edd.
916 2629 990 2676 Vert.
1002 2627 1057 2676 fere
1068 2627 1102 2677 0.
1114 2633 1193 2676 nem
1203 2632 1269 2676 ruet.
1280 2626 1339 2675 Aur.
1348 2625 1449 2689 Gryph.

356 2697 444 2746 Plent.
460 2695 682 2744 mmmmm
698 2696 784 2742 retum.
806 2691 881 2754 conj.
900 2691 989 2739 Rurm·
1006 2692 1101 2749 sueton
1115 2695 1184 2739 enei.
1222 2689 1295 2739 loire
1310 2689 1352 2737 bor
1370 2691 1446 2738 deest

358 2757 436 2807 Vind.
449 2759 519 2804 1.-4
528 2753 629 2803 Amabat
639 2753 716 2800 Vind.
724 2758 749 2800 2.
761 2755 831 2802 Cort.
843 2753 928 2800 Periz.
939 2755 1054 2803 Heriem.
1065 2754 1159 2817 nitique
1169 2767 1227 2804 cnm
1238 2753 1304 2803 Edd.
1317 2759 1376 2801 ente
1388 2753 1448 2802 Ber.

357 2827 404 2869 -d
425 2819 458 2868 Ut
473 2833 538 2880 corp.
553 2816 632 2865 Vind.
650 2820 673 2864 l.
688 2815 762 2878 pleri·
777 2816 832 2862 eine
844 2829 888 2878 pue
904 2825 959 2876 opt.
970 2817 1044 2865 Torr.
1079 2817 1143 2865 Mox
1153 2817 1330 2866 mrimtiltued.
1340 2817 1447 2864 Memor.

356 2881 459 2933 viterb.
477 2881 540 2930 Liri.
556 2879 613 2942 an.
647 2878 819 2927 Amedinl.
837 2878 943 2928 exulent
961 2879 1004 2927 ille
1019 2885 1043 2927 et
1059 2879 1180 2942 indnpb.
1196 2893 1252 2928 reru.
1285 2879 1367 2928 Proto
1386 2886 1447 2927 unte

358 2946 499 2996 Allelurem
515 2943 591 2992 vind.
604 2946 676 2990 l.-tt
692 2940 799 2990 Liberali
816 2941 921 2990 Merum.
937 2943 979 2992 retr
995 2945 1073 2992 eodm
1085 2944 1154 2993 cort.
1166 2943 1250 2992 Perir.
1261 2956 1317 2992 em.
1328 2955 1368 3008 pr.
1378 2942 1447 2991 Edd.

855 3086 964 3137 NO‘l'AE

358 3201 527 3267 significem,
547 3199 616 3250 uude
639 3199 762 3248 remenrir
783 3199 809 3251 iu
835 3213 882 3250 ueu
922 3197 971 3250 mn
990 3200 1088 3262 Arpina.
1122 3198 1153 3248 ld
1173 3211 1251 3261 porro
1264 3194 1404 3260 jectabnnt
1421 3197 1448 3245 iu

359 3279 483 3332 immunis.
510 3273 882 3336 Animorumeorporertdute·
922 3274 1007 3324 odium
1020 3283 1047 3324 et
1063 3274 1200 3324 ludibrium
1215 3273 1322 3337 Tiberii,
1333 3271 1448 3323 alluden-

358 3371 413 3408 rum
435 3353 505 3402 rerie
527 3350 628 3400 nomine
650 3346 731 3399 refert
750 3347 884 3410 Apuleius.
922 3357 963 3400 tes
978 3349 1010 3398 ed
1030 3347 1131 3406 subuleo
1150 3348 1296 3412 Atellener,
1312 3348 1346 3397 de
1357 3349 1448 3413 qnibn'r

358 3430 426 3482 libro
436 3429 469 3478 de
480 3425 618 3478 Demonio
628 3423 751 3474 Socratir.
780 3423 846 3472 Vide
857 3422 882 3471 in
923 3439 999 3488 repre
1011 3439 1069 3486 rep·
1077 3428 1118 3474 te.

359 3505 547 3567 corporeo·
957 3496 1168 3562 ¹Amptirleerro]
1198 3495 1276 3546 Aliud
1295 3495 1399 3546 ludibrii
1419 3503 1450 3546 et

390 3581 403 3616 ¹¹
423 3581 548 3630 umet
566 3573 704 3638 demonia]
727 3574 812 3637 Supte
823 3587 880 3638 erp.
922 3575 1068 3638 ignominie
1079 3581 1175 3637 genitr:
1187 3579 1272 3621 rentes
1281 3570 1450 3621 eniminArn·

360 3662 400 3708 tl.
412 3663 439 3706 et
450 3659 491 3706 rt.
923 3651 1069 3716 phitheatro
1084 3647 1317 3700 comburebantur:
1340 3647 1367 3696 in
1379 3647 1448 3696 Celi-

391 3727 633 3790 ¹Smlrrrrorrnim1
660 3726 745 3789 Hujus
767 3723 882 3774 meminit
922 3729 1049 3791 gnlnrrp.
1068 3729 1109 3776 π.
1126 3723 1236 3774 mendiel
1256 3735 1316 3771 rere
1333 3721 1449 3783 etegent

360 3817 387 3862 et
397 3808 511 3864 Tacitur.
522 3813 549 3856 et
560 3803 593 3854 eb
605 3805 660 3866 ipro
671 3800 777 3852 Tiberio
789 3800 814 3848 td
825 3801 881 3862 jur·
923 3802 1017 3865 ruptim
1035 3814 1051 3849 e
1071 3797 1252 3863 vespillonibus
1270 3798 1296 3845 in
1316 3795 1448 3859 Esquiltir,

359 3900 415 3936 eum
432 3882 520 3934 rcribit
539 3880 590 3930 Dio
607 3877 653 3929 lib.
672 3890 739 3927 nvn.
782 3876 882 3925 Decem
923 3891 953 3927 nc
971 3873 1053 3926 ferme
1074 3882 1172 3924 tentum
1193 3872 1298 3922 dimidio
1316 3885 1448 3934 eorpore;

359 3963 415 4012 iller
426 3959 482 4009 dier
494 3955 526 4006 ed
538 3955 643 4020 triginta
654 3951 781 4017 prorrexit
792 3959 883 4014 poster
923 3950 991 4000 uude
1011 3949 1048 3999 eit
1067 3946 1330 4008 ‘semiustulrndunr,'
1347 3961 1402 4005 ren,
1420 3951 1450 3994 nt

359 4036 505 4098 Imperator
523 4029 691 4082 'llreodoriue
718 4028 785 4078 Vide
803 4027 821 4076 l·
833 4039 883 4076 xx.
923 4041 955 4076 ex
975 4025 1132 4076 viterbiensi
1153 4023 1331 4079 corrobonat,
1352 4020 1450 4070 mtu-

361 4111 424 4160 eod.
436 4111 468 4160 de
484 4109 575 4172 poeuir.
923 4103 1056 4164 mum,
1065 4102 1113 4150 her
1127 4108 1175 4156 err,
1194 4099 1287 4148 leviter
1298 4097 1451 4147 eombnren·

393 4183 405 4216 ¹
430 4184 546 4247 Atellam]
576 4181 663 4232 Atella
685 4178 808 4244 oppidum
835 4184 885 4239 ert,
924 4178 992 4235 dnm.
1004 4187 1032 4228 et
1044 4176 1239 4240 projiciendum.

362 4259 476 4322 erpurm
498 4261 565 4310 inter
582 4265 611 4308 et
633 4239 784 4320 neapolim:
807 4255 883 4306 hodie
955 4261 973 4288 ¹
991 4249 1219 4315 Odrigenrerntpee]
1244 4248 1312 4298 Vide
1329 4263 1408 4312 enprn
1423 4248 1450 4299 in
