3228 4914
663 431 853 484 rrnnnrus.
959 401 962 408 ’
1238 425 1303 490 491

214 578 336 663 digne,⁷
352 584 464 644 actum
477 578 512 642 in
528 575 661 654 Senatu,
681 583 718 642 ut
739 580 849 644 titulis
869 579 952 656 uuis,
969 581 1067 662 quusi
1082 580 1239 665 Augusti,
1254 586 1304 650 ite

213 689 250 746 et
274 677 401 744 Liviae⁸
425 679 525 754 tilius,
550 676 757 761 adjiceretur.
802 678 917 757 Quare
942 700 1008 745 nou
1030 687 1221 766 ‘parentem
1243 705 1304 770 pu·

212 779 316 847 triae’f
339 781 508 865 appellari,
537 799 605 844 non
631 780 756 844 ullum⁹
787 781 947 864 insignem
971 782 1128 849 honorem
1154 788 1303 870 recipere

211 883 357 965 publice,
375 901 498 966 passus
517 885 596 946 est!
639 880 709 946 Sed
725 887 760 946 et
774 883 958 966 frequenter
981 883 1190 964 admonuit,¹0
1213 893 1305 953 ‘me-

206 982 338 1066 joribus
360 1003 422 1047 nec
444 982 590 1046 foemineo
612 981 909 1048 convenientibus*
931 985 1075 1067 negotiis
1090 988 1304 1055 nosuneretz'

211 1085 382 1168 praecipue
404 1089 443 1148 ut
463 1083 694 1148 animadvertit
713 1084 870 1149 incendio
887 1085 991 1169 juxta
1011 1086 1119 1151 aedem
1133 1087 1249 1155 Vcstae
1271 1097 1305 1156 et

210 1185 321 1268 ipsam
343 1185 569 1262 intervenisse,
599 1184 826 1269 populumque
853 1193 887 1251 et
913 1185 1046 1264 milites,
1075 1207 1143 1271 quo
1172 1191 1304 1255 enixius

211 1306 312 1370 opem
334 1287 465 1365 ferrent,
488 1285 711 1364 adhortatum,
734 1286 824 1351 sicut
845 1288 907 1352 sub
929 1289 1051 1353 merito
1079 1288 1180 1355 solita
1204 1297 1304 1356 esset.

211 1387 295 1472 [51.]
319 1387 451 1454 Dehinc
467 1387 511 1452 nd
530 1387 750 1453 simultatem¹
773 1407 881 1472 usque
902 1389 1077 1472 processit,
1098 1389 1173 1469 huc,
1195 1399 1234 1458 ut
1255 1393 1305 1456 le·

210 1496 297 1567 runt,
325 1490 366 1553 de
390 1509 503 1554 ceusu.
548 1488 689 1553 Instanti
713 1491 850 1573 saepius,
871 1495 910 1553 ut
930 1491 1066 1555 civitate
1089 1491 1247 1557 donatum
1269 1495 1304 1559 in

212 1587 381 1655 decurias*
407 1591 575 1673 allegeret,
590 1590 735 1672 negavit,
749 1591 818 1654 elio
832 1609 868 1654 se
890 1590 1078 1656 conditione
1093 1590 1302 1670 allecturum,

210 1709 312 1774 quum
328 1693 357 1756 si
371 1698 538 1777 pateretur
548 1691 672 1756 ascribi
684 1688 787 1768 ultro,k
801 1695 811 1724 ‘
824 1695 1015 1756 extortnm²
1029 1691 1065 1756 id
1076 1693 1140 1757 sibi
1150 1713 1172 1758 e
1182 1694 1306 1760 matre?

670 1868 840 1891 Ome}

210 2005 334 2068 plurimis.
367 2004 399 2054 In
418 1998 486 2053 net.
504 2004 605 2052 Veni.
616 2008 641 2053 8.
659 2001 790 2062 Sebelltci,
806 2017 882 2067 quem
900 2003 972 2054 Celd.
990 2005 1063 2054 uteo.
1081 2005 1140 2054 Bes.
1153 2006 1254 2070 crypu
1271 2009 1305 2058 nl·

209 2070 292 2119 secuti
305 2075 374 2124 eunt,
385 2073 409 2117 et
419 2081 483 2128 egre
492 2069 538 2116 eti.
560 2065 672 2117 cuculi.
687 2069 802 2117 serravit
816 2083 890 2130 egre,
900 2082 1027 2130 reponens
1038 2069 1142 2132 iusuper
1152 2075 1244 2121 terrm
1255 2085 1303 2133 pro

210 2139 288 2182 ιιιιιιι
298 2140 390 2181 contre
402 2133 468 2180 Μιι.
487 2130 555 2192 quod
566 2132 624 2194 ejus
635 2133 789 2181 euctcritete
801 2133 914 2181 retinent
924 2132 1019 2181 Schild.
1030 2133 1181 2196 alitque-t
1200 2135 1303 2196 Indigno

209 2197 316 2246 Momm.
323 2196 422 2260 μήιιάι
429 2195 506 2243 vinc.
516 2198 542 2243 t.
552 2199 630 2244 notun
640 2194 713 2244 deest
723 2195 790 2244 Eud.
802 2195 875 2244 Rom.
892 2196 956 2244 Mox
964 2194 1088 2246 exhibent
1096 2198 1122 2245 ιἰι
1131 2195 1186 2246 Son.
1196 2197 1304 2246 Memm.

210 2259 307 2310 Medic.
328 2259 407 2309 Petit.
424 2259 504 2307 Vintl.
520 2261 544 2306 t.
561 2259 638 2308 Veto.
656 2259 728 2309 Duc.
750 2259 830 2309 Foco.
847 2260 911 2322 Cup.
923 2260 986 2308 Μιι.
997 2260 1111 2310 Τιιιιοδ.
1123 2261 1231 2310 et'l'orr.
1243 2275 1302 2312 eun

209 2324 278 2374 Edd.
286 2325 352 2373 Veu.
363 2329 387 2372 l.
397 2323 463 2372 Bon.
475 2322 566 2384 Steplt.
586 2322 617 2370 ln
629 2321 734 2386 reliquis
744 2339 760 2372 c
771 2323 827 2372 Seu.
839 2323 926 2372 Pertn.
936 2329 984 2372 ect-
996 2323 1053 2374 Seu.
1062 2324 1108 2374 sed
1116 2325 1303 2389 mergaturtp·

209 2393 263 2438 turn
274 2392 348 2438 e-tl
369 2389 409 2436 lte
419 2391 446 2436 ut
456 2386 486 2436 Ι..
498 2385 595 2437 Medic.
605 2390 630 2434 2.
641 2386 700 2450 Cuj.
730 2386 825 2436 Mellet
835 2387 945 2450 Becmg.
956 2387 1031 2436 unua
1068 2422 1075 2436 .
1087 2389 1125 2438 utl
1137 2389 1221 2439 'lucit
1231 2403 1251 2438 ι.
1264 2395 1304 2440 rt.

210 2453 307 2504 hebet:
324 2453 474 2502 minuetur
485 2449 563 2499 vino.
574 2458 619 2500 ute
652 2455 741 2500 utu-9
753 2451 854 2500 Nullum
864 2451 970 2499 Memm.
985 2451 1022 2500 Ed
1043 2452 1126 2502 .Ven.
1137 2456 1161 2502 t.
1172 2456 1196 2502 t.
1214 2451 1304 2503 Verbo

209 2531 262 2580 app.
274 2533 299 2566 ιι.
307 2532 331 2565 ιι.
343 2517 361 2565 ι’.
372 2517 396 2565 lu
404 2530 426 2564 r.
439 2515 533 2564 desunt
544 2515 619 2564 linis.
676 2529 709 2564 cr
720 2517 761 2564 ced
771 2514 837 2578 freq.
850 2515 929 2564 Foue.
938 2515 1030 2564 omitto
1041 2520 1138 2566 et.-l⁰
1148 2516 1303 2567 Admurit

211 2591 239 2630 et
249 2581 350 2640 aesone
362 2581 389 2629 in
396 2579 475 2630 lind.
484 2584 507 2628 t.
533 2577 564 2627 ln
574 2579 703 2656 plerisque
713 2580 777 2628 Μιι.
787 2585 815 2628 et
828 2579 892 2628 Edu.
902 2579 981 2628 etiem
990 2579 1098 2629 cesnuln
1113 2581 1195 2643 Rapis.
1206 2579 1303 2632 Schtld.

208 2645 305 2709 legitur
320 2647 382 2707 qnod
396 2658 442 2692 ιιιιι
452 2643 509 2703 usqi.
520 2643 567 2691 ted
579 2650 630 2692 rete
643 2659 682 2707 qe.
700 2657 747 2692 eon
762 2643 830 2692 lreud
846 2651 997 2705 comperent
1015 2643 1041 2691 in
1059 2644 1157 2693 Medic.
1167 2648 1192 2693 1.
1202 2649 1226 2692 t.
1238 2645 1303 2710 cop.

210 2709 317 2758 Merum.
328 2707 396 2758 Edd.
407 2708 472 2757 Bou.
485 2709 545 2756 Bes.
555 2707 638 2756 Poris.
650 2708 752 2771 Grypu-
764 2707 852 2756 Plent.
862 2707 954 2771 steph.
965 2708 1085 2757 loru-l
1102 2708 1144 2758 Art
1153 2709 1304 2759 ‹liniatu-

134 2767 143 2774 ”
208 2773 265 2821 dent
276 2773 355 2822 vine.
370 2777 394 2822 l.
429 2771 499 2821 Dein
517 2787 543 2821 ee
560 2771 608 2820 elin
627 2778 737 2836 uterque
751 2771 829 2820 Viud.
860 2771 1037 2821 llloxntoertti
1047 2771 1303 2826 Perieusuemet

209 2836 412 2902 Edd.usqnend
425 2838 490 2886 Bon.
521 2835 574 2885 Alii
593 2835 754 2885 annuus-n
770 2836 891 2884 limene
909 2835 1024 2886 llerlem.
1058 2836 1110 2885 Pro
1127 2841 1241 2886 eume
1257 2837 1304 2888 tint

208 2901 493 2952 mutnuune'l'crr.
526 2899 594 2950 Item
606 2900 708 2949 coduelt
722 2899 818 2948 Medic.
831 2899 906 2948 lluts.
924 2914 982 2949 cum
1000 2899 1067 2950 Edu.
1085 2901 1193 2966 eliquot‚
1209 2909 1238 2951 ut
1255 2916 1301 2953 te-

704 3091 812 3142 Nom

209 3209 314 3278 quidem
326 3206 490 3273 prebendam
503 3219 553 3255 ucn
560 3204 682 3268 jusserat.
806 3204 819 3238 ¹¹
837 3203 1043 3267 ementium]
1061 3204 1154 3256 Qunlle
1170 3212 1229 3255 eunt
1239 3205 1302 3269 pub·

241 3287 348 3346 engen
360 3283 447 3347 [egre]
463 3282 734 3344 Atlileguntetegere.
774 3279 825 3330 lice
847 3279 961 3344 negotiu,
981 3292 996 3328 n
1017 3291 1125 3343 quorum
1145 3281 1301 3334 tractatione

241 3359 250 3394 ¹
265 3354 495 3420 Perontenpntrio]
512 3355 631 3404 Tacitus:
650 3357 736 3404 ‘Mul
776 3355 891 3418 immines
904 3361 994 3405 eruent
1004 3355 1084 3418 leges.

209 3443 237 3487 te
247 3443 349 3501 petrum
367 3439 396 3484 et
412 3433 437 3481 iu
454 3431 597 3496 Augustum
613 3429 737 3492 aduletic,
807 3431 814 3464 ¹
833 3431 958 3497 Decutiat]
975 3430 1248 3495 Jucteumuequtuus
1260 3449 1301 3486 su·

209 3514 252 3562 elit
270 3512 421 3570 Purentern,
441 3508 485 3556 elii
507 3506 617 3555 Matrem
636 3503 734 3556 Petriae
776 3521 822 3569 pre
831 3521 889 3569 esp.
902 3511 944 3558 tt.
955 3513 982 3556 et
991 3506 1059 3570 Aur.
1070 3520 1127 3570 cup.
1137 3510 1179 3557 29.
1189 3514 1217 3559 ot
1227 3514 1269 3561 ⁸8.

209 3585 409 3651 opponendum
438 3581 554 3648 plerique
582 3586 612 3631 ut
639 3580 735 3631 nomini
807 3580 909 3648 lAtlto]
933 3581 1026 3633 Album
1049 3589 1108 3633 eret
1130 3584 1228 3647 tebule,
1250 3601 1301 3652 qne

209 3662 319 3712 Ceteris
330 3661 513 3720 eseriberetur,
523 3657 614 3709 Juufl
632 3657 735 3719 Fiunt,
769 3655 896 3720 judicum,
909 3657 963 3706 sire
981 3658 1087 3707 eliorum
1099 3662 1245 3722 quorumvis
1257 3677 1303 3713 nc·

208 3735 366 3787 eenreuaou’
411 3735 482 3789 Quin
510 3741 537 3784 et
564 3735 590 3783 in
623 3732 734 3798 antiquis
775 3733 845 3783 mine
854 3733 985 3797 descripte
997 3735 1213 3798 proponebantur·
1231 3737 1301 3794 Hinc

209 3812 317 3861 nummis
336 3811 432 3874 legitur
451 3811 554 3873 ineptos
572 3809 614 3858 hic
636 3809 735 3863 titulus,
775 3810 854 3859 toties
871 3807 941 3874 upud
952 3809 1151 3872 jurisconsultos
1167 3811 1218 3860 elisi
1230 3827 1301 3865 meu.

208 3901 289 3940 suurn
305 3899 429 3938 nucum
445 3897 584 3936 unurrnrx
600 3897 688 3936 onere.
775 3883 822 3945 tio,
838 3899 862 3932 r.
872 3898 898 3948 g.
916 3883 962 3933 ‘de
980 3884 1039 3934 elbo
1055 3886 1204 3949 corrupto!
1221 3890 1300 3940 mule·

240 3964 393 4026 elongem
402 3961 621 4024 mormoreium
636 3959 736 4024 putee,
776 3959 882 4010 tebetur
903 3960 970 4009 enirn
993 3960 1037 4024 qui
1056 3960 1120 4010 utne
1143 3965 1301 4026 corrupisset

207 4055 291 4106 paeon
306 4039 354 4101 ert]
370 4038 439 4090 Quin
458 4041 485 4085 et
502 4043 611 4084 morture
634 4031 735 4114 delntqe
775 4041 822 4086 eut
839 4033 1016 4099 quoquomodo
1032 4035 1155 4090 vitiasset.
1188 4039 1300 4091 Denlbo

209 4118 318 4167 honoret
337 4129 383 4178 per
402 4109 536 4162 modestiae
555 4107 667 4173 speciem
688 4109 734 4158 Se·
774 4107 1301 4182 PontifieieMerimijemtuprequaeeinm

208 4199 296 4242 netum
309 4191 424 4240 minuere
438 4187 525 4252 justit,
541 4193 569 4236 ut
584 4184 651 4235 lrlem
661 4185 735 4236 'l'eci-
774 4187 799 4238 in
811 4186 881 4239 lulio
891 4200 949 4250 esp.
960 4189 1001 4238 to.
1163 4187 1165 4194 '

210 4275 252 4318 tue
264 4267 308 4317 lib.
326 4279 351 4318 r.
