3208 4918
298 349 363 416 348
718 365 750 409 c.
775 361 957 410 suaronn

300 509 366 585 Ibi,
381 507 493 570 donec*
504 504 636 569 residua
651 504 778 567 diurni³
795 509 919 579 aolus,⁰
934 508 992 564 aut
1007 500 1132 577 omnia,
1152 506 1210 564 aut
1224 519 1266 563 ex
1283 502 1391 566 marti·

299 628 354 672 ma
370 615 478 690 parte,
492 607 679 682 conficeret,
693 604 735 668 ad
761 605 899 668 multam
925 610 1055 667 noctem
1080 604 1304 685 permanebat.
1349 603 1388 665 lu

299 710 426 772 leolum
459 708 535 771 inde
557 715 796 788 transgressus,
824 723 890 768 uon
921 704 1075 786 amplius,
1106 723 1183 768 oum
1210 705 1388 786 plurimum

301 817 426 892 quam4
439 819 570 891 septem
585 808 694 882 horaS,
710 806 905 882 dormiebat,
921 823 962 868 ac
984 824 1027 868 ne
1049 824 1106 869 eas
1128 804 1261 888 quidem
1284 806 1393 869 conti·

300 931 398 985 uuae,
420 910 478 973 sed
494 919 531 972 ut
541 912 598 973 iu⁵
614 909 672 973 illo
688 909 848 990 temporis
864 906 975 988 spatio
990 914 1040 970 ter
1053 915 1113 969 aut
1128 913 1246 987 quater
1270 926 1392 989 exper-

302 1013 495 1092 gisceretur.
539 1012 576 1074 Si
590 1006 822 1091 interruptum⁶
834 1027 986 1071 somnum
997 1026 1205 1089 recuperare,
1220 1012 1256 1070 ut
1269 1008 1392 1084 evenit,

302 1132 366 1177 nun
380 1119 507 1194 posset,
521 1111 702 1176 lectoribus
718 1114 774 1174 aut
796 1109 1038 1172 fabulatoribus
1060 1107 1228 1172 arcessitis
1250 1127 1394 1172 resume·

301 1216 372 1288 bat,
387 1213 656 1295 producebatque
670 1213 756 1276 ultra
768 1211 926 1293 primam⁷
942 1229 1034 1293 saepo
1046 1211 1165 1273 lucem.
1201 1207 1277 1272 Nec
1293 1209 1327 1294 in
1344 1215 1394 1272 to-

302 1314 416 1376 nebris
433 1311 583 1390 vigilavit
597 1331 757 1394 unquam,
771 1310 838 1373 nisi
861 1309 1030 1374 assidente
1055 1309 1179 1392 aliquo.
1225 1310 1394 1373 Matutine

303 1414 417 1494 vigilia
431 1412 678 1478 offendebatur:
700 1413 787 1477 acsi
812 1412 861 1475 vel
874 1410 987 1488 officii,
1003 1412 1055 1476 vel
1075 1412 1164 1475 sacri
1179 1419 1306 1476 cstttsal
1325 1429 1396 1473 ma·

759 1593 821 1613 ΗΝ
824 1591 944 1614 'milo

303 1707 364 1754 cmm
375 1703 482 1766 lrabeat)
494 1707 565 1754 Duu.
576 1704 651 1754 codd.
668 1706 785 1755 omnibns
797 1706 867 1756 Oud.
878 1715 905 1755 et
916 1706 984 1756 Edd.
996 1707 1069 1755 Vett.
1081 1705 1159 1754 alium
1171 1703 1227 1753 ord.
1239 1702 1292 1758 det.
1303 1702 1358 1751 soll.
1369 1703 1396 1751 itt

303 1769 380 1818 lectio.
390 1783 415 1816 se
425 1769 514 1816 lucubr.
527 1783 600 1831 quern
610 1771 725 1819 restitnit
732 1773 799 1819 solus
809 1769 879 1820 Oud.
888 1770 976 1819 Edidit
986 1771 1078 1819 Pitisc.
1087 1785 1112 1817 ss
1123 1769 1149 1818 iu
1160 1769 1235 1818 leolis¹
1246 1767 1295 1816 Ed.
1304 1768 1395 1830 camp.

304 1835 382 1880 etiam
394 1834 558 1882 lecticam-3
576 1834 694 1882 Diutami
707 1834 780 1884 Cort.
792 1836 881 1895 Camp.
900 1835 963 1882 ilion
974 1849 987 1881 e
997 1849 1061 1883 mox.
1072 1835 1180 1882 Merum.
1191 1848 1222 1882 ex
1232 1845 1319 1892 magum
1330 1830 1395 1892 Cop.

305 1899 389 1946 Deest
402 1910 509 1959 praepos.
522 1895 619 1944 Medic.
633 1901 655 1946 l.
667 1913 682 1946 a
694 1913 726 1946 m.
739 1902 825 1962 pr.-t
842 1898 953 1946 Fastidit
965 1897 1042 1946 Viud.
1056 1901 1078 1946 l.
1089 1897 1204 1959 requam.
1227 1895 1294 1944 Item
1303 1895 1397 1944 absunt

304 1975 356 2008 cum
366 1961 427 2020 plur.
440 1975 454 2007 a
466 1961 537 2008 Corl.
550 1969 574 2008 et
593 1960 659 2010 Edd.
671 1963 745 2010 Rom.
756 1976 828 2074 {aaut
836 1964 899 2023 plur.
918 1961 1001 2010 Perie.
1028 1959 1096 2010 Dein
1105 1967 1130 2008 ‹rt
1142 1975 1170 2008 rte
1183 1961 1262 2008 Fouc.
1275 1958 1317 2021 qui
1337 1972 1397 2005 ntor

305 2029 331 2071 ut
343 2039 408 2072 eren.
420 2039 497 2087 recup-
507 2038 553 2071 nott
561 2030 659 2086 poa-t
679 2025 744 2073 Edd.
781 2041 830 2074 out.
843 2039 892 2073 nou
904 2025 1000 2073 babent
1009 2025 1035 2072 iu
1046 2033 1104 2073 ante
1116 2025 1164 2071 illo.
1190 2024 1254 2071 Tum
1266 2025 1396 2083 reciperare

306 2088 412 2135 Merum.
425 2103 471 2150 pro
483 2102 561 2150 recep.
571 2097 598 2136 et
606 2090 724 2138 oeeemitis
736 2089 831 2138 Medic.
841 2091 899 2142 duo,
907 2089 992 2137 Petis.
1005 2089 1078 2137 cort.
1089 2088 1204 2135 Heriem.
1217 2095 1244 2135 ct
1253 2087 1319 2134 Edd.
1329 2085 1399 2132 Vett.

308 2166 388 2216 usque
407 2153 440 2200 ad
458 2152 567 2201 casaub.
591 2153 657 2202 item
677 2154 860 2217 perdocebotqtte
881 2153 990 2202 Pia-o
1008 2152 1162 2201 interstruunt
1183 2151 1304 2201 linia-t
1322 2149 1398 2197 Torr.

801 2343 908 2396 NOTAE

310 2455 437 2516 pumentia
453 2456 555 2517 probat,
567 2457 711 2506 lecticulam
722 2458 787 2505 lunc
797 2457 835 2504 lu·
874 2457 938 2506 ‘Est
949 2470 1029 2518 genus
1041 2455 1245 2520 igusrttm,quod
1258 2456 1327 2504 lecto
1339 2469 1401 2516 gau·

310 2530 484 2578 cubratoriam
507 2533 542 2580 nil
565 2532 633 2580 aliud
655 2530 743 2587 fuisse.
761 2547 836 2596 quam
875 2535 921 2582 det
937 2543 964 2583 ct
982 2531 1091 2582 umbra.'
1124 2533 1219 2580 Saltem
1239 2545 1270 2579 ex
1291 2531 1402 2580 lectione

309 2605 419 2653 lectulos
437 2604 502 2666 illos,
514 2607 539 2652 in
560 2608 650 2668 quibus
666 2607 780 2670 lectioni,
792 2615 837 2656 aut
875 2609 1036 2669 Casauboni3
1050 2609 1137 2671 legunt
1149 2607 1265 2655 enimalii
1275 2610 1402 2661 tecto,uon

312 2679 470 2728 meditationi
482 2694 586 2742 operatu
598 2680 683 2729 daturi
695 2695 723 2728 se
733 2695 837 2742 compo·
875 2684 949 2731 lecta·
967 2683 1016 2731 bttc
1027 2683 1105 2731 etiam
1115 2683 1194 2731 trabit
1206 2695 1304 2729 tersum
1320 2681 1403 2730 Persii

311 2752 417 2802 nebant.
434 2753 742 2804 CiceronudeOratlt.
759 2755 837 2804 ‘Cum
875 2759 900 2807 iu
918 2760 973 2808 Sat.
992 2772 1010 2807 t.
1051 2759 1131 2808 ‘Non
1149 2756 1268 2820 ottioqttid
1293 2757 1403 2820 denique

312 2829 401 2876 dedita
411 2841 489 2889 opera
501 2829 526 2876 iu
538 2841 593 2876 enm
605 2828 742 2878 exhedram
756 2831 838 2880 venis·
875 2835 949 2884 lectis
960 2835 1087 2883 Scribitur
1098 2835 1124 2882 itt
1136 2832 1240 2894 citreis,'
1249 2834 1300 2880 tire.
1320 2831 1403 2882 Quam

313 2911 364 2960 set,
375 2902 401 2949 in
412 2917 462 2965 qua
473 2903 580 2951 Crassus
596 2904 689 2953 lectulo
706 2906 789 2967 posito
800 2920 838 2954 ro·
878 2918 962 2959 tamen
974 2910 1005 2957 dc
1016 2910 1091 2959 lectls
1104 2907 1288 2958 tricliniaribus
1298 2908 1340 2956 alii
1353 2920 1403 2955 nou

313 2977 453 3035 cubuisset,
464 2992 573 3040 estusque
584 2978 611 3028 itt
625 2979 782 3042 cogitatione
793 2980 837 3028 de·
878 2986 967 3047 inepte
984 2984 1141 3046 intelligunt.
1182 2983 1247 3034 Qua
1271 2983 1355 3030 onmia
1377 2989 1405 3030 et

314 3052 392 3103 fixum
413 3067 471 3100 esse
488 3052 620 3116 scutinei,
643 3053 731 3102 {leiim
754 3068 839 3103 tecet·
877 3061 955 3109 wilt
974 3059 1124 3109 Graecorum
1144 3057 1297 3108 testimoniis
1313 3055 1406 3106 confir'.

315 3127 403 3177 sisser'
419 3137 447 3177 et
459 3127 503 3177 lib.
517 3127 549 3176 de
567 3128 670 3178 Senect.
681 3133 721 3178 te.
754 3131 840 3180 ‘Quat
878 3144 932 3184 mat
954 3135 1021 3184 idem
1041 3133 1219 3195 casaubonus,
1241 3132 1309 3197 apud
1330 3147 1404 3198 qutent

313 3204 335 3256 si
345 3205 439 3269 exequi
449 3206 592 3268 nequirem,
609 3211 694 3254 tamen
706 3219 746 3254 tue
758 3206 839 3255 lecto·
879 3223 956 3259 causa
965 3209 1095 3271 praecipue
1106 3208 1217 3258 notanda
1228 3217 1268 3256 est
1279 3222 1319 3268 ea,
1329 3223 1405 3272 utram

314 3283 355 3330 lus
365 3283 507 3333 oblectaret
519 3299 600 3348 meus,
611 3297 642 3332 ea
659 3285 714 3348 ipsa
725 3286 840 3347 cogitau-
881 3299 913 3333 ex
924 3286 1015 3334 Galeni
1023 3285 1069 3334 lib.
1079 3297 1121 3332 ttr.
1129 3285 1161 3333 de
1170 3283 1224 3332 Usu
1234 3284 1350 3334 Pettium
1361 3283 1405 3332 ad-

317 3366 369 3408 tsm
382 3373 439 3421 quae
451 3375 528 3422 agere
539 3373 588 3408 nou
601 3360 719 3421 possem!
749 3362 841 3410 Sanco.
881 3361 968 3409 ducit:
987 3361 1045 3410 ideo
1054 3361 1150 3424 quippe
1160 3365 1262 3408 veteres
1272 3359 1406 3422 scriptioni

316 3435 394 3494 epist.
404 3438 446 3482 ta.
463 3433 599 3497 ‘quaedam
612 3441 672 3482 suut
690 3449 748 3498 quat
760 3435 841 3498 possis
881 3451 986 3499 operatu
999 3435 1128 3497 daturi,in
1137 3433 1262 3498 ejttsmodi
1273 3435 1406 3485 lecticulae

316 3518 343 3559 et
355 3511 380 3559 itt
392 3512 456 3560 cisio
468 3510 591 3572 scribere,
610 3511 728 3575 quedam
746 3513 840 3564 lectum
881 3524 908 3560 se
921 3510 1090 3572 recipiebant,
1101 3509 1170 3573 quod
1183 3523 1232 3558 noo
1244 3522 1322 3572 super
1336 3523 1407 3558 men·

315 3593 344 3634 et
354 3593 481 3634 secretum
493 3592 520 3634 et
531 3585 611 3633 otium
624 3586 791 3636 desiderant!
808 3589 842 3636 Et
880 3586 915 3634 sia
938 3586 977 3634 vel
1000 3585 1104 3646 pluteis,
1125 3592 1154 3634 ut
1179 3585 1296 3648 plerique
1322 3585 1409 3646 ltodlc,

315 3661 394 3724 epist.
404 3665 446 3710 ot.
464 3668 492 3710 st
508 3661 608 3709 Plinius
627 3663 673 3711 lib.
685 3675 710 3711 v.
730 3665 805 3725 epist.
816 3670 841 3712 o.
880 3660 1067 3724 scriptitarent,
1077 3661 1123 3708 sed
1132 3674 1210 3723 super
1220 3659 1317 3709 femore
1328 3661 1407 3709 collo-

315 3737 323 3766 ‘
336 3738 411 3787 Visus
421 3743 463 3786 est
474 3736 522 3786 tibi
529 3737 621 3800 jacere
637 3737 663 3786 iu
679 3737 776 3786 lectulo
786 3752 842 3799 suo,
881 3746 940 3789 eata
951 3739 1050 3788 charta.

317 3815 474 3876 compositus
504 3813 530 3860 lo
562 3812 665 3861 modum
695 3812 842 3862 studentis.¹
912 3813 1032 3863 ⁰Diural
1042 3813 1120 3878 octus]
1139 3813 1203 3876 Ejus
1219 3812 1302 3875 diarii,
1312 3811 1345 3862 de
1356 3827 1407 3877 quo

318 3887 396 3936 Orid.
407 3889 486 3936 'frisa
497 3886 543 3936 lib.
555 3899 576 3936 t.
588 3887 676 3949 Elegia
687 3891 728 3936 10.
761 3895 768 3918 ⁸
781 3889 841 3938 Nou
880 3903 958 3952 supra
969 3903 992 3937 o.
1002 3893 1043 3938 dl.

291 3953 294 3960 ’
317 3962 373 4012 ltsec
392 3963 417 4012 ln
438 3963 540 4017 uostris,
559 3967 587 4011 ut
604 3961 840 4024 quoudattt,scribl·
913 3962 1102 4024 rSocricoaso]
1124 3961 1255 4025 Ejusmodi
1266 3961 1407 4014 officiorum

318 4050 374 4083 mus
390 4037 480 4095 bortis,
496 4037 553 4085 Nec
563 4044 685 4085 consueto
698 4051 779 4086 meum
790 4039 842 4088 lee-
883 4045 910 4086 et
921 4052 1051 4088 sacrorum
1071 4052 1148 4088 cause
1167 4037 1293 4100 intellige,
1308 4037 1341 4086 de
1352 4039 1408 4102 qul·

319 4109 578 4172 tutscommuabesr
591 4109 843 4162 HinoJurenalisde
884 4113 931 4162 bus
953 4127 1031 4176 supra
1050 4127 1073 4163 c.
1095 4117 1136 4162 ⁶8.
1158 4111 1233 4170 dixit,
1256 4113 1408 4163 civilitatem

320 4183 404 4252 potitis
421 4189 448 4232 et
466 4185 591 4238 listorlois
601 4185 655 4234 Sat.
672 4199 724 4238 vn.
739 4201 776 4237 vs.
789 4193 844 4238 lot.
884 4189 941 4252 ejus
952 4201 1065 4243 narrans.
1093 4187 1252 4242 Ertuteuitn
1263 4203 1321 4254 qua
1333 4201 1410 4242 ame·
