3208 4918
303 371 368 438 374
725 383 757 430 c.
780 381 961 432 sunnonis

305 528 459 614 quamvis
474 524 647 590 statuisset
671 541 737 588 non
758 523 869 605 egredi
891 520 1132 588 tabernaculo⁹
1155 525 1290 604 propter
1302 522 1396 588 vale·

305 629 461 704 tudinem,
491 643 645 709 egressus
669 628 854 689 esttamen
882 622 983 687 amici
993 630 1040 668 ’θ’
1071 623 1203 686 somnio
1230 625 1396 688 monitus:

306 732 476 814 cessitque
486 747 537 792 res
552 744 723 811 prospere,
737 725 872 807 qnando
887 723 999 808 captis
1015 723 1136 788 castris
1145 730 1162 798 ‚¹
1175 723 1296 787 lectica
1309 722 1396 806 ejus,

307 833 406 917 quasi
429 832 476 896 ibi
496 831 625 894 cubans
639 827 867 904 remansisset,
890 812 1051 889 concursu
1072 824 1221 889 hostium
1237 824 1398 889 confossa
1443 876 1448 882 .

307 942 409 1017 atque
422 931 587 996 lacerata'
614 936 676 993 est
720 926 799 1010 lpse
816 946 876 1009 per
901 945 998 990 omne
1012 945 1070 990 ver
1092 926 1260 1009 plurima,⁸
1275 932 1309 990 st
1329 927 1397 990 ior·

307 1034 591 1111 midolosissirna,²
606 1037 640 1096 et
654 1048 755 1106 vana,
764 1033 798 1092 et
813 1029 920 1092 irrito³
942 1027 1096 1092 videbat:
1110 1027 1240 1110 reliquo
1249 1032 1398 1110 ternpore

307 1138 444 1212 rariora,
454 1140 488 1198 et
501 1135 611 1197 minus
625 1149 723 1196 vana.
750 1128 836 1193 Cum
848 1129 1038 1194 dedicatam
1052 1130 1086 1193 in
1102 1128 1273 1212 Capitolio
1289 1129 1398 1193 mem

308 1236 456 1301 Tonanti
470 1234 492 1300 J
494 1235 549 1298 ovi
562 1231 575 1270 l
589 1231 725 1297 assidue
736 1231 970 1314 frequentaret,
982 1231 1174 1306 somniarit,
1186 1233 1282 1314 queri
1294 1229 1398 1312 Capi-

310 1337 450 1401 tolinurn
465 1334 488 1400 J
490 1342 613 1408 orem,l
626 1332 771 1396 cultores
784 1332 850 1395 sihi
864 1330 986 1395 abduci
998 1351 1007 1392 ι
1029 1336 1158 1413 sequs⁴
1172 1331 1398 1414 respondisse,

310 1438 492 1502 Tonantem
513 1454 575 1517 pro
593 1429 761 1516 janitored
784 1434 817 1496 ei
839 1433 1047 1516 appositum:
1069 1431 1212 1516 ideoque
1235 1449 1316 1495 mox
1336 1433 1399 1495 tin·

312 1535 509 1601 tinnabulis‘
534 1534 704 1616 fastigium
731 1531 817 1597 aedis
838 1533 1008 1610 rodiruiit,⁵
1031 1532 1121 1615 quod
1147 1552 1188 1598 ea
1209 1532 1276 1597 fers
1287 1530 1400 1616 januis

767 1743 932 1764 Com

314 1892 460 1956 Utrumque
471 1898 617 1954 suspectum
627 1891 717 1942 hebuit
727 1891 845 1942 Orat-s
861 1893 949 1942 Burni·
960 1891 1113 1941 auctoritate
1125 1890 1210 1940 Peris.
1222 1888 1339 1939 Heriem.
1345 1890 1401 1953 qni·

314 1956 363 2006 ltus
375 1957 477 2006 secedit
488 1957 562 2005 Corr.
577 1964 605 2006 st
616 1957 680 2005 Edd.
695 1965 756 2005 sote
768 1955 876 2006 Csssub.
892 1957 1007 2019 reposuit
1018 1955 1198 2005 immersisse.
1232 1955 1354 2003 Retinent
1363 1960 1401 2003 ts-

315 2020 436 2070 lsersersls
447 2018 517 2070 Oud.
530 2021 591 2068 Ern.
602 2018 681 2069 Wolf.
693 2019 801 2082 Bsumg.
817 2021 965 2070 auctoribus
978 2018 1060 2070 Codd.
1072 2018 1296 2069 retarderis—ro
1311 2018 1404 2068 Medios*

315 2084 382 2136 Edd.
399 2084 458 2134 lies.
476 2084 577 2148 Gryph.
594 2084 681 2133 Pleot·
694 2091 722 2133 et
740 2091 851 2133 recentt.
886 2084 982 2134 lisdem
1001 2083 1116 2132 confusio
1133 2084 1159 2132 in
1176 2084 1244 2133 cess.
1260 2097 1318 2146 cap.
1327 2085 1401 2132 s.-1

316 2148 491 2199 Lseemlluls.
513 2149 627 2198 Dslnest
638 2162 688 2196 non
701 2156 834 2211 comperet
851 2149 876 2197 in
894 2149 1025 2198 Medius.
1040 2148 1118 2198 Polit.
1140 2147 1227 2196 Habet
1246 2147 1325 2196 Souc.
1342 2145 1403 2194 ltus

313 2227 365 2276 per,
378 2221 405 2262 et
416 2214 523 2262 Momm.
542 2213 593 2275 lpse
609 2212 661 2278 e(i.
673 2229 697 2260 e.
708 2213 756 2274 est)
768 2213 834 2276 quod
847 2226 893 2275 pro
909 2214 981 2262 etism
997 2212 1117 2275 cupiebat
1131 2211 1327 2260 Salmasius—²
1344 2209 1403 2258 For·

316 2277 429 2326 midsloso
436 2277 514 2327 Vind.
526 2282 549 2325 l.
559 2285 587 2326 et
595 2276 742 2327 nuusTorr.
753 2277 844 2325 melius
855 2275 880 2325 id
886 2276 1221 2340 judicantissomridulosiss.
1233 2275 1338 2324 Memor.
1349 2272 1403 2333 ser·

316 2341 432 2390 niuniu.
451 2342 523 2391 Cort.
537 2341 676 2403 comp-S
695 2340 796 2390 irritato
813 2341 977 2391 Heriem-t
992 2341 1133 2404 Singularis
1151 2346 1191 2388 est
1209 2338 1289 2388 lectio
1307 2337 1402 2387 Medic.

316 2409 341 2454 Ξ.
356 2405 441 2454 adduci
461 2419 521 2468 sepe.
554 2405 616 2454 Mos
634 2419 677 2467 pro
689 2404 744 2465 jas.
761 2405 812 2465 sias
825 2406 899 2454 Voss.
919 2405 995 2454 Vind.
1009 2410 1080 2456 l.-lt
1101 2403 1208 2453 Rsrlirrrit
1227 2401 1322 2452 Medic.
1342 2405 1365 2453 l.
1377 2405 1404 2451 S.

812 2579 918 2630 noun
963 2549 965 2554 ’

319 2697 368 2746 hoc
385 2699 436 2758 est,
448 2692 537 2744 tabula
552 2691 670 2757 qnsdsro,
682 2691 842 2757 descriptum
883 2699 924 2741 ret
935 2693 1001 2742 bello
1013 2691 1179 2753 Cantabrico,
1189 2690 1283 2756 dequo
1294 2705 1372 2758 suprs
1382 2706 1405 2742 c.

320 2769 457 2818 indiceret.
866 2793 870 2802 =
882 2771 924 2818 St).
936 2775 963 2818 et
971 2773 1012 2818 St.
1023 2783 1054 2817 sc
1065 2769 1278 2832 praetoresue.

351 2851 363 2886 5
380 2842 470 2907 dorici]
487 2843 529 2893 Sic
542 2856 629 2892 omues
640 2842 843 2894 TorrentilMss.
916 2851 927 2878 ⁰
946 2844 1105 2908 Capitolissss
1125 2842 1221 2905 decess]
1248 2842 1330 2891 Varis
1346 2847 1406 2889 sunt

321 2926 412 2970 eontra
423 2933 487 2983 quos
502 2926 587 2968 umen
605 2920 690 2968 ssediri
707 2919 844 2982 legendum
883 2920 955 2973 lovis
964 2923 1115 2984 cognomine
1125 2937 1131 2969 :
1143 2921 1266 2983 templum
1275 2921 1323 2968 lsoc
1333 2932 1409 2967 rose-

320 2995 844 3058 cupit,motussnetoritsteDionis,vel·
886 3005 927 3046 rst
947 2999 1099 3062 Tarquinius
1123 2997 1239 3060 Priscus,
1263 2993 1408 3061 perfecerat

320 3073 374 3132 leli,
386 3077 413 3121 st
424 3069 523 3119 Valerii
534 3069 650 3127 Msximi,
663 3071 708 3134 qui
719 3071 845 3122 medicum
886 3071 1028 3137 Superbus.

322 3147 392 3197 illsrus
404 3146 495 3196 dicunt
506 3145 608 3195 nomine
620 3146 762 3196 Artoriunr.
916 3147 928 3180 θ
944 3146 1068 3210 destitere]
1082 3147 1187 3197 Csteuis
1198 3147 1410 3211 vinctijsnitores

356 3230 367 3256 ⁸
390 3221 475 3284 Captis
495 3219 592 3282 cestris]
620 3207 706 3285 Supra
727 3236 784 3284 cap.
805 3225 845 3272 ts.
886 3223 990 3273 stabsut
1011 3223 1159 3288 adportes,
1178 3229 1336 3273 uttestatur
1355 3224 1411 3286 ipss

324 3295 425 3347 Auctor
443 3303 484 3346 est
499 3297 617 3346 Valerius
631 3297 761 3347 Maximus
772 3297 816 3346 lib.
827 3311 846 3348 r.
886 3299 1025 3350 Suetonius
1036 3299 1080 3349 lilr.
1091 3299 1124 3348 de
1134 3299 1209 3349 cleris
1223 3299 1376 3348 Rhetoribus
1387 3313 1412 3349 c.

324 3376 382 3422 ut.
401 3371 456 3435 ipss
470 3385 528 3435 qua
547 3371 714 3433 Philippense
733 3372 847 3435 puellum
888 3381 912 3426 S.
931 3384 959 3427 et
978 3376 1087 3427 Oridios
1103 3390 1215 3426 sororum
1232 3375 1306 3424 lits-r.
1321 3374 1412 3440 Elegio

324 3448 468 3498 sntecessit
486 3455 572 3509 nocte,
588 3449 714 3498 Minerva
733 3449 848 3512 speciem
887 3456 912 3501 S.
927 3452 1045 3504 ‘ianitor
1060 3451 1162 3514 ludisne
1174 3451 1238 3500 durs
1248 3451 1358 3513 religste
1368 3465 1414 3502 cs·

326 3524 428 3573 Artorio
450 3523 550 3572 medico
572 3524 709 3574 dormienti
730 3525 848 3575 obortam
889 3530 966 3577 teos!
999 3529 1034 3578 Et
1043 3527 1126 3576 adhuc
1136 3524 1204 3574 infre
1212 3524 1302 3574 eedem
1314 3525 1415 3588 Elegia,

325 3599 489 3662 praecepisse,
498 3604 528 3646 nt
537 3598 690 3662 Augustum,
698 3601 770 3663 greri
782 3615 849 3650 mor·
888 3603 950 3652 ‘Sic
961 3603 1026 3652 durs
1038 3615 1163 3666 nunquam
1181 3601 1290 3664 religare
1301 3600 1414 3652 setene!

326 3675 360 3725 bo
369 3675 433 3724 licet
442 3674 605 3738 implicitum,
617 3684 740 3733 moneret,
751 3691 783 3726 ue
793 3677 850 3740 ejus
920 3686 932 3712 θ
946 3677 1132 3742 listissnlrulis]
1147 3679 1241 3728 Sensus
1249 3684 1299 3734 eut,
1310 3676 1414 3741 Augus·

326 3765 403 3800 censs
414 3765 430 3799 s
441 3750 530 3812 puello
540 3750 692 3812 sbstinsret,
702 3755 753 3802 &c
889 3763 953 3819 tuns,
970 3763 999 3805 nt
1013 3755 1135 3818 janitoris
1155 3755 1212 3805 loco
1228 3767 1332 3817 prorsus
1344 3758 1415 3802 esset

358 3835 370 3862 ⁸
388 3827 436 3876 Per
447 3827 684 3890 manupastus]
695 3828 849 3880 Qualisrne·
889 3832 949 3883 Jori
964 3831 1110 3894 cspitollno
1122 3831 1226 3894 Jupiter
1241 3829 1352 3890 Tonsos,
1368 3828 1416 3876 lsu·

240 3907 247 3922 ·
327 3901 481 3964 lsnclrullois‚
489 3901 633 3967 vinolentis,
642 3912 670 3953 et
678 3901 851 3954 febrientibus
886 3907 931 3971 jus
942 3906 1036 3956 redium
1048 3906 1151 3968 fastigio
1165 3905 1316 3970 inposuisse
1326 3904 1415 3954 tintin-

326 3979 446 4029 sreidere
463 3978 543 4028 tradit
557 3978 723 4042 Aristoteles,
736 3981 803 4032 libro
818 3979 851 4029 de
889 3983 992 4045 nebule,
1010 3996 1068 4047 quse
1082 3997 1129 4031 suo
1140 3995 1202 4031 sono
1213 3987 1242 4030 et
1255 3979 1376 4043 Jsuitsris
1387 3985 1416 4028 et

326 4052 455 4103 insomniis
466 4067 524 4116 esp.
534 4057 560 4104 4.
574 4054 619 4104 ubi
630 4061 657 4105 st
666 4069 756 4106 cesses
767 4058 850 4106 inves-
890 4059 1012 4109 Tonantis
1023 4058 1102 4108 etlsor
1110 4055 1178 4107 torte
1188 4055 1301 4119 speeiem
1317 4054 1416 4120 prselre·

330 4126 405 4190 filli·
891 4143 950 4186 rent
969 4135 1088 4200 sliqnsrn.
1122 4135 1163 4183 De
1185 4131 1300 4198 fastigio,
1322 4131 1416 4182 videsis

360 4202 372 4237 δ
389 4205 473 4256 didos
486 4206 589 4258 foresti
597 4205 666 4270 desi]
689 4207 764 4259 lianc
776 4221 851 4259 ross·
892 4211 953 4278 qnid
966 4211 1013 4262 lroc
1025 4210 1060 4261 sit
1071 4211 1098 4260 in
1109 4210 1164 4262 Jul.
1175 4223 1201 4260 e.
1211 4213 1254 4259 Sl.
