3228 4914
672 401 860 452 ulutatus.
1173 415 1175 423 ’
1247 393 1312 459 ciffi

226 540 363 618 dicium,
377 541 496 624 quibus
512 547 686 608 accusator
701 545 879 628 publicas·
901 546 1041 624 deesset,
1064 551 1098 612 nt
1119 549 1311 634 propinqui,

225 661 316 706 more
330 640 540 726 ιιιιῄοιιιιιι,911
559 644 601 708 do
616 647 784 710 communi
799 649 964 713 sententia
978 648 1180 726 andreatem,
1197 658 1313 716 uumor

223 741 297 806 luit.
341 743 453 827 Equiti
467 744 619 810 Romano
637 745 859 829 jurisjurandi
869 753 894 786 ¹⁰
908 749 1047 830 gratiam
1061 747 1163 827 lecit,i
1178 758 1215 815 ut
1229 769 1312 814 uxo-

223 861 290 906 rem
305 843 339 906 in
353 851 471 928 stupro
485 849 596 928 generi
609 851 618 878 ¹
635 854 839 931 compertam
854 849 1044 929 dimitteret,
1059 869 1159 933 quum
1173 869 1210 914 aa
1230 871 1312 916 nuu-

223 961 323 1026 quam
344 947 601 1030 repudiaturum,
623 954 697 1024 auto
715 947 899 1031 juraverat.
944 949 1106 1016 Foetninae
1121 949 1311 1034 samosae,¹¹¹

220 1243 269 1288 -9
286 1237 345 1288 nito
356 1238 447 1288 ordine
456 1241 512 1302 maj.
524 1253 587 1290 ssore
597 1241 662 1290 Mas.
673 1241 776 1304 plurimi
787 1247 815 1292 et
827 1241 899 1292 editt.
923 1241 1002 1290 Vlud.
1015 1245 1038 1290 1.
1075 1243 1127 1292 nesi
1142 1243 1311 1294 mmsis.-

221 1305 252 1351 llt
267 1303 359 1364 alasiae.
377 1304 483 1354 Mamm.
499 1305 613 1354 Heriem.
631 1307 703 1356 cort.
723 1312 751 1356 et
771 1307 804 1354 ali
824 1313 868 1356 uot
879 1305 1016 1356 0nd.eurn
1070 1307 1094 1354 d.
1108 1305 1180 1354 Rom.
1204 1305 1270 1355 Dein
1284 1314 1312 1356 st

219 1373 281 1415 ante
298 1382 341 1415 sse.
355 1380 408 1416 uon
426 1368 524 1417 babent
541 1369 646 1418 Mearm.
662 1371 743 1420 Fouc.
763 1321 861 1420 Medio.
876 1370 957 1420 Pom.
968 1369 1046 1419 Vind.
1058 1374 1081 1418 ι.
1095 1370 1154 1432 cuj.
1166 1370 1233 1420 Edd.
1245 1371 1310 1420 Ven.

219 1429 292 1478 Med.
303 1429 368 1480 Bon.
380 1431 462 1494 ungu.
474 1431 548 1483 lunt.
558 1432 619 1481 Bas.
631 1433 690 1485 Ald.
701 1433 794 1496 Stepb.
805 1450 834 1484 sc
846 1434 997 1483 deleverunt
1008 1433 1079 1483 Oud.
1089 1431 1213 1482 weit-r
1233 1435 1311 1483 Grani

218 1501 327 1557 uterque
335 1495 413 1543 Vind.
425 1495 501 1547 Huls.
519 1497 599 1546 Putat
610 1497 684 1548 Mitti.
694 1503 804 1560 comperi.
817 1506 902 1546 ortum
914 1511 947 1545 es
959 1497 1111 1558 compendio
1120 1497 1249 1546 scribendi
1263 1512 1310 1558 pro

218 1559 411 1621 conprehensum.
438 1559 506 1609 ltem
517 1563 600 1624 repud.
610 1575 682 1626 nsssq.
692 1560 770 1611 Vind.
781 1565 856 1611 teli
868 1561 1052 1622 Deestsornoroe
1062 1560 1130 1610 Dun.
1141 1567 1168 1611 et
1179 1561 1243 1610 Cod.
1251 1561 1310 1611 Ura.

706 1707 817 1758 NOTAE

217 1813 323 1863 quarn·
335 1809 498 1852 enarratores
511 1803 684 1865 tradiderunt,
691 1817 745 1853 rna-
783 1801 902 1868 Angusto
911 1817 970 1866 eap.
984 1809 1008 1853 t.
1021 1809 1048 1854 et
1065 1801 1135 1859 alibi,
1153 1813 1227 1865 prens
1238 1800 1310 1851 adul·

217 1883 317 1925 tronum
334 1877 430 1928 dietant
449 1893 507 1929 esse
521 1881 633 1944 proprie,
649 1881 744 1945 quaein
782 1881 978 1943 tertis-publica
998 1887 1121 1944 certaque
1149 1878 1219 1927 nulls
1245 1877 1310 1938 fnit;

217 1953 403 2006 matrimonium
424 1968 482 2004 cum
502 1955 557 2004 riro
575 1955 744 2011 convenisset,
781 1971 839 2019 quse
854 1955 921 2005 enirn
940 1962 1126 2020 precesserant
1141 1955 1210 2017 leges
1229 1953 1309 2001 Soan-

216 2029 300 2092 quoad
313 2029 338 2076 ln
350 2044 381 2077 eo
389 2029 550 2079 matrimonio
561 2037 686 2092 assueret,
697 2030 744 2079 eti·
781 2031 854 2092 tinia,
872 2033 912 2081 rel
928 2032 1053 2094 Sestinia,
1068 2038 1095 2079 et
1112 2029 1180 2090 alia,
1199 2043 1237 2077 eae
1257 2041 1309 2076 uon

214 2105 279 2152 amsi
294 2105 369 2152 liberi
381 2103 492 2153 nondum
507 2105 561 2154 usti
573 2103 673 2166 forrum
691 2104 743 2154 dic·
780 2105 912 2156 adulteriis
924 2107 1003 2168 asapia
1017 2120 1091 2169 quam
1109 2105 1151 2153 alil
1169 2103 1250 2153 cnivis
1262 2104 1308 2152 im·

214 2185 320 2242 tamque
339 2193 396 2229 esse
415 2194 431 2229 a
449 2180 540 2228 matris
560 2180 671 2238 nomine,
692 2194 742 2229 nou
780 2180 874 2243 pudico
885 2178 1004 2242 facinori,
1021 2194 1052 2229 ae
1069 2177 1188 2228 nefandis
1201 2191 1308 2241 preser-

213 2343 272 2378 mox
284 2328 453 2392 adipiscendi,
463 2328 531 2378 uude
546 2329 627 2392 ipsum
640 2343 741 2394 quoque
778 2330 1079 2380 mutarrrtetasduntuar
1088 2327 1253 2390 irrogabant:
1262 2327 1307 2376 aad

213 2404 403 2454 matrimonium
424 2403 540 2454 dieitur!
572 2404 674 2454 Gallius
697 2403 741 2454 lib.
777 2404 964 2467 impudicarum
976 2405 1110 2454 mulierum
1125 2403 1306 2452 codrcitiouenr

217 2485 404 2545 avrti-capnt.
776 2479 908 2529 habebant
940 2478 1078 2528 earundem
1114 2477 1252 2541 propinqui
1279 2484 1307 2525 et

244 2557 410 2607 ‘decentor
424 2554 542 2619 psbliess]
577 2554 739 2605 Adulterium
777 2555 925 2604 necessarii.
956 2551 1117 2603 'raoitualim
1134 2551 1305 2602 xunrlnual.

211 2633 279 2682 enirn
290 2647 324 2682 ex
335 2633 366 2682 iis
375 2631 524 2681 criminibus
533 2639 598 2692 erat,
608 2647 664 2696 quse
675 2633 740 2694 pnb·
776 2633 783 2656 ¹
795 2629 904 2678 Plautus
918 2629 1001 2692 priseo
1018 2629 1136 2677 instituto
1155 2626 1306 2690 propinquis

211 2707 371 2770 liuojndleio
383 2706 584 2767 coercebantun
602 2721 633 2756 eo
645 2720 739 2769 nempe
776 2720 862 2755 eoram
881 2705 915 2756 do
937 2706 1022 2768 eapite
1048 2703 1167 2767 famaque
1188 2702 1306 2764 conjugis

213 2781 281 2845 qnod
294 2781 403 2848 quilibet
415 2797 429 2830 e
441 2783 535 2845 populo
544 2789 645 2846 poterat
656 2781 738 2832 luten·
776 2781 915 2844 cognovit!
947 2781 1035 2830 Lisius
1054 2780 1100 2828 lib.
1120 2791 1160 2828 ιιι.
1176 2777 1267 2828 decad.
1278 2781 1304 2828 d.

211 2855 284 2906 dere.
318 2858 361 2906 De
372 2871 422 2921 qno
435 2858 509 2919 plura
521 2849 614 2906 videsis
625 2858 650 2906 in
660 2857 739 2906 lusti·
775 2855 963 2917 acpraesertim
980 2853 1122 2916 Dionysius
1139 2851 1304 2902 Halicarnas-

210 2933 352 2982 tutionibus
368 2931 507 2983 Jurtiniaui
519 2932 563 2982 lib.
582 2945 619 2982 su.
638 2933 679 2983 tit·
697 2937 738 2982 18.
776 2943 835 2978 seua
847 2930 891 2978 tin.
904 2941 935 2980 ιι.
953 2929 1039 2978 Valer.
1058 2927 1186 2976 Maximus
1203 2926 1248 2978 lib.
1266 2940 1304 2976 vr.

211 3015 239 3059 et
260 3009 286 3057 iu
311 3007 392 3057 tribus
408 3007 480 3057 libris
498 3007 606 3069 sigonii,
626 3021 688 3069 quos
703 3006 737 3056 de
776 3019 833 3067 erp.
844 3009 868 3052 t.
879 3007 928 3054 dre.

209 3083 319 3136 Judiriis
336 3083 497 3147 conseripsit,
511 3086 561 3133 dte.
595 3083 737 3132 lubsota·
807 3075 942 3126 ¹Gratiam
952 3075 1027 3138 serit]
1055 3076 1097 3124 Da
1115 3073 1164 3123 bae
1181 3073 1304 3136 loquendi

209 3172 268 3207 men
279 3157 400 3208 adulterii
412 3160 585 3214 aecrrsatione,
597 3163 672 3222 pater
683 3171 736 3205 nra·
774 3153 873 3202 ratione
885 3153 941 3216 jaur
953 3165 1032 3212 supra
1043 3163 1101 3212 esp.
1115 3152 1154 3196 to.
1165 3148 1190 3195 iu
1203 3146 1303 3211 Augus-

210 3234 324 3297 ritusque
336 3232 448 3282 mulieris
465 3231 601 3296 impudica
615 3229 736 3295 praetere-
774 3235 809 3278 to.
831 3228 900 3277 llino
912 3227 1034 3288 colligere
1046 3231 1097 3284 est,
1109 3223 1235 3286 ejusumdi
1245 3237 1302 3286 gra-

208 3310 312 3365 bantur,
324 3316 352 3356 ut
364 3314 438 3371 patet
451 3322 482 3357 ex
495 3322 526 3356 ao
538 3309 602 3370 legis
612 3307 691 3358 satta
704 3307 736 3356 de
774 3305 836 3354 tisrn
853 3304 886 3352 ab
907 3299 1111 3364 Imperatoribns
1128 3299 1259 3353 collatam,
1275 3304 1303 3348 et

209 3383 342 3434 adulteriis
355 3382 508 3446 fragmento,
523 3381 589 3447 qnod
607 3383 676 3431 iuter
687 3382 737 3431 alis
773 3379 910 3429 coufirmat
931 3377 987 3426 Lex
1006 3379 1046 3424 88.
1057 3371 1084 3422 ff.
1100 3371 1133 3422 ad
1158 3373 1300 3436 municipa-

208 3459 313 3522 collepit
330 3467 358 3510 et
378 3460 467 3508 retulit
485 3457 617 3508 Barnabas
637 3458 735 3507 Brisso-
772 3455 823 3504 leur
845 3455 878 3504 de
894 3453 998 3515 Iuoolir,
1015 3451 1058 3500 nbi
1077 3447 1300 3512 PapiriusJuatns

207 3538 265 3587 nius
276 3537 321 3587 lib.
332 3551 364 3587 ιι.
380 3537 413 3586 de
426 3537 559 3598 l'orrunlis,
570 3550 601 3585 ae
612 3534 736 3597 peculiari
773 3537 925 3592 auctorest,
938 3526 1108 3593 jurisjurandi
1126 3540 1229 3590 qnoque
1240 3540 1300 3588 qra-

207 3615 343 3676 superbis
363 3613 570 3672 Cosnmentsrio;
584 3613 592 3641 ⁶
605 3610 669 3660 Viro
689 3625 734 3676 pa·
772 3607 833 3656 tiam
854 3606 886 3656 sb
903 3604 1037 3655 Antonino
1064 3611 1092 3652 et
1112 3602 1183 3651 Vero
1204 3599 1300 3652 t'sotanr

143 3729 146 3734 r
208 3689 302 3752 tuique,
312 3689 356 3751 qni
366 3689 394 3737 in
413 3695 541 3751 potestate
558 3686 648 3748 babet,
662 3701 735 3737 sexa·
772 3681 812 3730 ‘ei
824 3682 866 3745 qui
874 3681 1012 3743 juraverat
1026 3691 1055 3725 se
1065 3675 1150 3725 ordini
1161 3687 1211 3723 nou
1222 3674 1301 3723 iuter·

206 3765 278 3826 pinta
289 3764 344 3813 dies
356 3764 432 3813 utilas
443 3762 475 3812 ed
488 3763 660 3812 accusandum
671 3762 734 3810 dau·
771 3755 896 3812 loturam,
907 3763 934 3803 et
951 3761 1040 3816 postes
1056 3750 1183 3800 Durmruir
1199 3753 1301 3798 creatus

206 3847 263 3902 tor3
280 3839 453 3903 intraqueeos
470 3838 525 3887 dies
542 3837 649 3888 cuilibet
668 3852 732 3900 prse-
772 3833 865 3884 esaetss·
902 3831 935 3882 ln
954 3827 1071 3879 salmasii
1093 3826 1184 3877 codice
1206 3823 1301 3886 legitur

206 3915 338 3966 serantur:
357 3919 417 3978 post
428 3927 472 3962 eos
483 3913 538 3962 dies
549 3913 617 3974 patri
628 3913 731 3961 marito·
765 3907 914 3969 intimandi.

205 4006 254 4057 qne
266 3993 362 4054 lapsos,
379 3989 497 4040 extranei
514 3987 623 4052 quilibet
640 3987 731 4037 admit·
802 3983 814 4017 ¹
837 3981 950 4032 Femina
961 3975 1076 4040 sonore]
1103 3973 1237 4024 Posterius
1256 3989 1300 4023 ro-

206 4067 310 4121 tnntor.'
770 4059 888 4110 csbnlurn
906 4055 961 4106 fere
973 4066 1075 4116 semper
1091 4051 1116 4099 iu
1133 4052 1224 4100 snalanr
1242 4065 1299 4114 par·

237 4141 406 4206 lProps'ssqui,
427 4137 633 4200 mortuariorum]
659 4137 730 4187 Ante
771 4145 823 4186 senr
842 4134 984 4198 accipitur;
1011 4129 1080 4178 unde
1099 4142 1151 4177 non
1171 4129 1298 4178 immerito

205 4221 289 4283 legem
307 4219 413 4272 Juliam,
429 4216 461 4266 de
478 4229 528 4279 qus
540 4214 597 4278 jam
616 4227 694 4278 supra
705 4214 730 4262 in
770 4210 834 4262 illud
852 4207 983 4259 abundare
1001 4203 1066 4253 dicit
1083 4201 1113 4250 F.
1131 4201 1251 4266 Ursinus,
1267 4217 1297 4251 eo
