3208 4918
649 435 840 492 rtnnnrns.
1241 433 1305 499 417

208 587 380 670 provincia
394 585 512 652 Gallia
525 585 681 650 retulisse
695 605 823 660 eurum,
839 587 1051 653 Senonibus⁶
1065 587 1147 656 olim
1165 585 1199 654 i'n
1213 593 1305 658 obsi.

208 689 309 754 dione
324 687 482 770 Capitolii
497 689 624 764 dotum,
641 707 715 768 nec,
728 695 766 752 ut
787 689 877 754 mmo
898 696 1000 768 eet,⁴¹’
1022 697 1185 757 extortum
1205 694 1306 760 ece·

208 791 314 854 millo.
358 789 442 872 Ejus
464 790 640 872 abnepos‚‘¹
666 791 711 854 ob
733 791 891 855 eximium
917 791 1081 858 adsersus
1107 793 1308 862 Gmcobosr

208 911 341 974 operam
357 895 541 972 ‘patronus
553 888 717 955 Senatus’
732 889 859 968 dictus,
875 891 981 957 filiurn
997 894 1144 978 reliquit,
1161 915 1258 979 quem
1273 899 1307 962 in

165 987 171 998 '
209 993 309 1056 simili
332 991 590 1056 dissensione'⁸
612 992 718 1057 multu
740 997 831 1058 varie
849 995 1036 1059 molientem
1052 994 1182 1062 diversa
1205 998 1307 1066 sectio

208 1093 446 1178 perireudem
473 1095 652 1159 interemit.
696 1094 757 1180 [4.]
777 1095 879 1161 Pater
899 1098 1053 1176 Tiberii,⁵
1077 1096 1255 1175 Quaestor‘
1268 1099 1308 1166 G.

210 1195 372 1274 Coesuris,
394 1193 621 1260 Alexandrino
643 1195 735 1260 bello
757 1198 861 1261 classi
880 1197 1111 1282 praepositue,⁶
1131 1200 1308 1282 plurimum

210 1295 254 1360 ad
275 1296 451 1362 victorium
479 1297 627 1362 contulit.
673 1296 788 1375 Quare
814 1304 848 1363 et
872 1297 1056 1363 Pontifex·
1081 1299 1116 1362 in
1139 1299 1251 1364 locum
1265 1299 1307 1364 P.

209 1397 381 1482 Scipionis
396 1400 628 1477 substitutus„
643 1402 676 1462 ct
699 1398 743 1462 ed
764 1397 978 1464 deducendus
1001 1399 1034 1463 in
1050 1397 1198 1465 Gallium
1219 1401 1309 1464 colo·

669 1589 847 1612 ”me

211 1727 292 1776 Drseo
302 1725 381 1774 noue.
414 1725 485 1774 Dein
504 1725 609 1776 traditus
626 1725 698 1774 Cori.
715 1723 781 1774 Edd.
793 1725 869 1774 Rom.
880 1727 995 1775 truditm
1005 1726 1080 1776 Vind.
1091 1729 1165 1775 n-t
1183 1725 1309 1777 Quodam

212 1790 279 1838 Edd.
290 1795 326 1838 est
338 1790 469 1845 omittunt,
486 1789 532 1839 sed
551 1791 689 1839 restituere
706 1789 795 1838 Burm.
816 1790 886 1840 Ond.
905 1791 966 1840 Ero.
982 1792 1014 1840 sl.
1033 1791 1189 1841 suctoritnte
1201 1789 1309 1840 ducrum

212 1855 298 1904 Pulm.
319 1855 424 1902 Memm.
443 1855 540 1904 Medic.
560 1857 584 1904 l.
602 1858 626 1904 2·
648 1853 727 1906 vino.
746 1855 814 1903 utriu
847 1889 853 1903 .
876 1855 942 1918 eop.
964 1855 1048 1904 Perit.
1070 1856 1144 1904 cort.
1164 1869 1221 1904 cnm
1240 1854 1309 1904 Edd.

210 1932 292 1982 usqne
304 1917 336 1966 ed
348 1919 448 1982 Gryplr.
481 1917 618 1968 Accedunt
638 1917 716 1967 roric.
736 1917 805 1968 Dnn.
816 1869 869 1968 'qu
880 1917 948 1968 Ven.
961 1921 984 1968 l.
994 1925 1159 1968 osonum-5
1177 1919 1263 1980 Vulgo
1274 1920 1311 1967 le·

212 1983 282 2044 gitur
293 1983 369 2032 Peter
379 1997 433 2030 vero
445 1981 498 2032 li'b.
517 1991 602 2032 temen
619 1983 746 2045 perticnls
761 1988 852 2032 csrent
869 1983 974 2032 Memm·
989 1983 1085 2032 Medic
1096 1985 1120 2032 Ξ.
1132 1996 1162 2032 so
1174 1981 1225 2031 duo
1236 1983 1311 2033 Torr.

213 2047 298 2110 Ejecit
309 2047 378 2096 Ond.
388 2062 461 2110 quem
474 2056 579 2096 secutus
591 2055 630 2096 est
641 2047 703 2096 Ero.
725 2046 756 2094 In
769 2046 866 2095 Medic.
878 2051 902 2096 b.
913 2055 1022 2111 utroque
1031 2045 1107 2096 Vind.
1119 2045 1193 2094 Voss.
1206 2045 1311 2096 Viterb.

212 2111 273 2174 an.
284 2111 354 2160 Pitlr.
369 2111 430 2161 Liel.
442 2111 506 2170 cop.
520 2111 595 2161 llnls.
612 2112 683 2160 Dun.
702 2118 824 2158 exsrstur
839 2115 908 2172 poter
919 2111 971 2160 Tib.
984 2113 1058 2160 Nero.
1085 2111 1164 2160 Fouc.
1179 2115 1246 2172 pules
1258 2110 1310 2160 lto.

211 2179 326 2226 cero-b
344 2174 375 2226 ln
386 2189 468 2242 msrg.
482 2177 570 2227 Poris.
578 2176 697 2240 oppositus
708 2184 735 2226 et
746 2175 784 2224 lte
795 2173 862 2224 Edd.
875 2175 938 2225 Ven.
948 2175 1022 2226 Med.
1033 2174 1106 2225 Celti.
1140 2173 1209 2224 Dein
1220 2189 1312 2238 comps·

246 2457 259 2482 ⁹
279 2447 422 2513 Senonibus]
443 2447 540 2499 Urbem
563 2464 579 2498 s
596 2447 742 2497 Senonibus
784 2445 883 2497 clrsns’
901 2447 994 2497 iterum
1012 2449 1101 2511 morit,
1115 2454 1145 2498 ut
1165 2447 1201 2497 sit
1211 2447 1313 2498 senece

183 2539 190 2552 “
215 2526 298 2576 Gellis
309 2531 421 2588 ceptam.
433 2529 461 2573 et
478 2538 527 2587 ope
540 2523 642 2574 Camilli
653 2536 743 2585 recep·
785 2523 831 2572 lib.
843 2523 876 2570 de
886 2522 1024 2574 Brevitate
1034 2523 1104 2572 Vite
1112 2535 1136 2572 c.
1147 2526 1172 2572 6.
1182 2521 1312 2587 lentisque

216 2609 278 2656 tem.
300 2614 375 2650 nemo
396 2600 488 2650 nescit.
515 2599 584 2650 Fuso
604 2597 671 2647 enim
694 2598 745 2646 lste
784 2596 966 2660 largitionibus
986 2596 1088 2662 plebem
1104 2595 1151 2646 sibi
1173 2597 1313 2648 concilius

215 2677 302 2727 Lirim
313 2677 359 2725 lib.
371 2691 398 2726 v.
785 2679 893 2722 ceneten
905 2681 954 2734 est,
965 2679 996 2722 ut
1006 2671 1076 2736 sputl
1088 2673 1193 2722 Florum
1213 2673 1259 2721 lib.
1270 2685 1314 2722 ιιι.

248 2759 262 2793 ¹²
279 2752 355 2802 Feres
372 2751 421 2815 est]
434 2753 560 2815 Ereptum
574 2749 607 2800 eb
623 2749 682 2813 ipsu
696 2749 745 2799 Cu·
786 2763 811 2797 c.
823 2751 862 2798 17.
874 2755 948 2800 extet
967 2749 1036 2800 ‘sos
1054 2749 1151 2812 ipsios:
1169 2749 1231 2800 nihil
1241 2748 1313 2799 reso

215 2827 286 2876 millo
306 2827 410 2877 disertis
430 2827 514 2876 verbis
530 2823 641 2874 edirmut
659 2825 745 2875 birine
786 2825 952 2888 largitionem
962 2827 1009 2876 ulli
1018 2825 1162 2890 reliquisse,
1171 2825 1220 2875 nisi
1228 2827 1249 2875 si
1257 2826 1314 2891 quis

215 2903 259 2953 lib.
271 2917 296 2953 s.
313 2901 429 2952 ‘Aurum
446 2902 514 2966 quod
526 2900 609 2951 Gellis
627 2908 745 2962 ereptum
787 2908 833 2950 sut
849 2913 950 2950 cunum
969 2900 1085 2951 dividere
1102 2901 1192 2962 tollet,
1202 2909 1248 2951 eut
1263 2915 1315 2950 ece·

216 2977 411 3043 eret‚quodqne
431 2991 464 3026 ex
485 2977 541 3026 eliis
558 2975 662 3039 templis
678 2977 747 3024 inter
786 2975 856 3026 lom!
890 2975 1024 3040 Appleoue
1036 2976 1082 3026 lib.
1094 2990 1114 3026 ι.
1131 2977 1261 3026 Bellorum
1272 2977 1314 3024 Cl-

217 3052 417 3115 trepidstlouem
433 3052 459 3100 iu
474 3052 549 3103 dosis
561 3051 651 3101 sellem
669 3051 747 3100 cells·
789 3053 878 3102 silium
889 3057 981 3104 sector
993 3059 1043 3111 est.
1057 3053 1129 3114 illurn
1140 3067 1198 3102 com
1210 3051 1277 3100 domi
1289 3051 1315 3101 iu

217 3133 283 3189 tum,
294 3141 352 3178 eum
365 3129 390 3178 ln
409 3143 467 3194 quie
479 3127 593 3178 conferri
604 3135 748 3191 oporteret,
788 3127 900 3179 obsems
914 3125 1025 3192 quedem
1042 3129 1147 3190 porticu
1166 3133 1260 3178 cetum
1271 3127 1317 3176 bt·

217 3202 462 3254 confossmemorie
479 3212 560 3267 esset,
575 3217 676 3254 suerum
694 3217 748 3252 om·
788 3204 871 3262 beret,
890 3205 975 3254 subito
990 3205 1046 3254 ictu
1064 3217 1211 3267 percussum
1231 3204 1317 3252 conci·

218 3292 252 3330 ue
263 3278 419 3342 judicaturo,
430 3286 458 3330 et
468 3279 517 3330 sub
529 3278 604 3329 loris
616 3277 679 3328 selle
688 3277 749 3341 poni
789 3279 867 3336 disse.
889 3286 1073 3343 repertumque
1095 3279 1120 3326 ln
1143 3279 1197 3341 ejus
1219 3276 1316 3329 femore

214 3355 333 3420 jussum:
348 3356 384 3404 Et
393 3355 494 3404 Plinius
504 3354 549 3403 lib.
562 3367 666 3404 xnrrr·
675 3366 699 3404 c.
710 3357 733 3402 l.
790 3354 900 3404 cultrum
917 3351 1062 3402 sutorium:
1090 3363 1138 3415 pet
1157 3351 1252 3415 inguen
1274 3367 1317 3402 sc·

250 3431 399 3495 lAbssepos]
415 3431 529 3483 Qusrtm
540 3437 582 3480 est
593 3431 618 3480 in
631 3430 699 3480 lines
709 3430 747 3480 irs·
787 3437 891 3492 ceptum
921 3428 1012 3479 vulnus
1037 3433 1128 3478 suctos
1155 3435 1195 3478 est
1217 3427 1318 3478 beneco

218 3505 315 3556 feriore
336 3506 440 3556 directe
456 3505 551 3569 gradus
568 3505 747 3565 contermini·
787 3505 851 3557 ibid.

219 3583 291 3646 tutis,
304 3583 346 3633 coi
357 3583 384 3632 in
398 3583 527 3646 superiori
537 3581 676 3648 respondet
685 3582 747 3634 ebs·
822 3584 831 3614 ⁸
847 3580 968 3644 Questus]
985 3581 1023 3630 lle
1033 3581 1082 3631 boc
1094 3591 1199 3630 munere
1210 3580 1235 3628 ln
1246 3577 1317 3631 dolio

221 3671 277 3708 sos.
788 3661 849 3707 eb.

252 3732 268 3762 ⁸
286 3733 362 3784 A.U.
373 3733 472 3784 (ml.
821 3741 834 3767 ⁸
850 3731 978 3794 Pontifex]
995 3733 1088 3781 Plures
1108 3737 1184 3781 erent
1202 3727 1317 3792 ejusdem

253 3814 264 3842 ¹
286 3809 419 3872 Grseelss]
444 3810 576 3860 Tiberium
599 3815 627 3860 et
650 3809 750 3874 esium,
789 3808 890 3870 collegii
909 3807 1056 3871 pontifices,
1075 3807 1143 3857 inter
1162 3817 1317 3869 quoscoop·

221 3885 265 3949 qui
278 3885 378 3949 legibus
390 3887 505 3949 egestiis,
516 3886 550 3934 de
562 3885 653 3948 quibus
665 3885 690 3934 in
701 3885 748 3937 Ju-
789 3889 859 3931 tstoe
877 3890 936 3942 est;
954 3895 1002 3931 nec
1021 3881 1091 3931 enim
1109 3880 1143 3930 de
1155 3880 1317 3942 ¹,l’ontilicntn

220 3961 256 4010 lio
267 3975 327 4024 esp.
343 3965 382 4012 2⁰.
403 3962 555 4024 populerem
571 3973 658 4008 eurem
671 3972 748 4008 sirco·
791 3959 905 4006 Maximo
913 3957 1030 4007 lricloens
1038 3956 1228 4019 intelligendus.
1240 3956 1318 4006 Hunc

221 4043 325 4100 pentes,
343 4034 477 4086 interfecti
498 4043 568 4085 sunt.
595 4035 693 4084 Horum
713 4034 750 4083 ri·
791 4032 916 4096 siqnidem
930 4031 1078 4096 possidebst
1093 4031 1177 4084 Julius
1195 4031 1259 4095 ipse.
1286 4031 1318 4080 ln

221 4119 274 4162 tum
285 4112 392 4175 scripsit
402 4111 567 4162 Plutarchus.
790 4109 861 4159 dolio
870 4123 893 4157 c.
907 4113 946 4158 lt.

254 4196 264 4222 ¹
280 4187 527 4251 Mitissimum]
544 4184 683 4236 Dissimilis
694 4183 750 4248 ipse
824 4193 835 4240 t
855 4183 888 4234 Α.
900 4185 932 4234 U.
943 4185 973 4234 C.
985 4186 1041 4233 107.
1142 4223 1145 4236 ,

224 4264 306 4324 petri:
325 4263 428 4327 ‘teges
447 4276 525 4312 noves
545 4269 574 4312 et
592 4260 752 4313 mslsGrne·
963 4281 967 4290 ·

290 4343 378 4406 Delplt.
387 4349 412 4393 st
426 4343 484 4392 var.
494 4342 560 4392 cres.
725 4337 824 4388 Seston.
