3160 4918
256 365 321 432 234
687 383 719 429 c.
743 376 923 428 sennenn

257 523 309 589 Μ.
325 521 473 606 Lepidus
496 521 532 586 in
546 521 669 587 Senatu
684 528 884 586 excusasset
899 523 1079 604 praeterito,
1105 531 1138 590 et
1164 543 1258 610 spem
1285 527 1356 592 cle·

241 625 391 698 mentiee
405 625 439 688 in
454 628 626 708 posterum
643 623 790 712 iecisset,
807 625 965 708 quonium
989 626 1076 691 setis
1097 647 1273 712 poenorum
1298 649 1357 694 exe

257 734 371 794 uotum
396 733 507 806 osset;
528 726 614 790 bunc
637 745 656 791 e
683 725 840 790 divereo⁸
863 725 1064 809 professum,
1086 727 1135 793 ite
1157 730 1294 794 modum
1319 749 1357 796 se

257 829 492 915 proscribendi
505 829 677 904 statuisse,
692 833 730 891 ut
744 827 858 892 omnia
872 827 938 892 sibi
959 829 1132 911 reliquerit
1156 828 1273 894 libere.
1315 831 1359 895 In

258 931 358 1015 cujus
374 939 484 996 temen
506 929 705 1012 pertinaciae
730 927 966 1011 poenitentium
991 936 1111 1012 posteo
1134 929 1176 994 Τ.
1191 929 1356 996 Vinium⁹

259 1031 560 1115 Philopoemenem,
575 1030 665 1113 quod
682 1035 856 1112 patronum
872 1049 971 1094 suum
985 1031 1209 1114 proscriptum
1225 1032 1358 1098 celasse

259 1134 341 1198 olim
364 1133 539 1209 diceretur,
563 1131 712 1215 equestri
733 1132 897 1215 dignitate
921 1131 1140 1198 bonorurit.¹⁰
1183 1133 1225 1197 In
1238 1135 1357 1199 eedem

258 1235 324 1305 bec
344 1241 537 1318 potestate¹
560 1232 741 1315 multiplici
760 1231 915 1314 flagravit
935 1232 1074 1298 invidio.
1122 1232 1214 1298 Nem
1239 1240 1275 1298 et
1299 1234 1359 1300 Pi·

258 1337 402 1414 mesium,
419 1335 575 1419 Equitem
589 1333 791 1412 Romanum,
807 1355 894 1411 cum,
905 1335 1123 1400 concionante
1139 1345 1198 1414 se,
1212 1334 1360 1403 admisse

260 1439 360 1502 turbe
373 1443 602 1520 paganorum,¹
616 1436 707 1521 opud
723 1437 858 1514 milites,
867 1435 1076 1501 subscribere
1087 1435 1241 1519 quecdem
1253 1437 1358 1502 onim-

261 1539 473 1623 odvertisset,
503 1538 693 1602 curiosum·
722 1556 763 1602 ac
794 1534 1062 1619 speculatoremb
1088 1543 1193 1615 retus,
1220 1543 1358 1602 corem²

261 1638 401 1706 confodi
422 1638 640 1724 imperavit2⁵
662 1643 696 1704 et
717 1637 880 1702 Tedium³
903 1633 1036 1715 Afrum,
1051 1637 1235 1704 Consulem
1249 1638 1360 1723 desig·

293 1847 301 1880 ¹
319 1849 380 1897 cnm
395 1847 458 1898 enirn
468 1849 656 1910 deprehendisset
668 1848 795 1898 Pieorinm
805 1848 906 1910 equitem
917 1847 1049 1898 Ronmern
1059 1849 1185 1899 abutere
1195 1848 1285 1913 atiquo,
1304 1849 1360 1898 een

261 1912 312 1976 ipre
323 1911 421 1986 inbuet
427 1913 490 1988 opud
501 1911 738 1988 militee'eoreioeem,
755 1913 785 1960 od
801 1927 871 2025 gurm
888 1913 1023 1989 introducto
1034 1914 1120 1974 furat
1139 1914 1268 1964 munuum
1284 1927 1361 1976 poco·

261 1981 433 2040 utrumquem
442 1977 510 2025 Mem
520 1977 630 2026 occidere
639 1981 764 2040 penate,
774 1990 804 2026 or
818 1980 907 2026 etretne
916 1990 1035 2028 metten
1044 1993 1102 2042 eree,
1111 1981 1136 2048 el
1145 1979 1326 2042 exploratorem·

727 2131 878 2154 OOOOOO
880 2133 910 2154 00

261 2270 336 2316 n.-e
353 2267 385 2316 Ie
393 2265 559 2330 proeponenj.
569 2279 592 2328 q.
602 2279 624 2313 e.
634 2279 658 2327 p.
669 2268 694 2312 et
704 2267 782 2312 exuet.
793 2277 815 2312 e.
829 2261 855 2312 le.
871 2277 903 2313 ee
913 2263 938 2312 d.
962 2261 1042 2312 vind.
1061 2267 1086 2312 l.
1104 2277 1149 2326 pem
1163 2263 1224 2312 rotie
1234 2261 1322 2326 chec.
1334 2269 1362 2313 et

259 2336 341 2392 posteo
351 2330 425 2380 decet
441 2331 526 2379 Per-iz.
538 2329 607 2379 Edd.
619 2329 692 2377 Rom.
704 2341 743 2389 pr.
757 2328 823 2376 ven.
833 2333 869 2376 tr.
882 2327 947 2375 Bon.
958 2326 1032 2377 Med.
1042 2326 1126 2390 bugd.
1138 2327 1304 2392 aliisque.-e
1319 2327 1362 2376 lte

260 2395 399 2457 legendum
408 2400 555 2443 etetoernnt
564 2391 790 2442 Cnmnb.et0nd.
800 2403 848 2452 pro
857 2392 927 2454 vulg.
942 2391 1053 2452 «lenient,
1062 2391 1245 2441 secedentibus
1253 2391 1361 2440 Menum.

262 2458 322 2508 eod.
335 2458 423 2508 lireio.
435 2459 514 2507 Foco.
526 2459 646 2506 Duoelm.
668 2456 770 2507 Verrem
780 2455 858 2504 Vind.
869 2457 893 2503 l.
904 2467 962 2504 euru
975 2457 1059 2504 Dione
1069 2457 1087 2504 1.
1099 2467 1187 2504 xnvrr.
1199 2469 1222 2504 c.
1233 2459 1259 2505 ⁷.
1293 2455 1363 2505 Reli·

262 2521 306 2584 qni
317 2519 373 2570 iere
384 2521 461 2572 codd.
485 2520 587 2570 «leniens
597 2520 733 2576 exhibent,
763 2519 812 2567 uod
828 2519 906 2568 etiem
924 2519 950 2566 in
969 2518 1037 2567 Edd.
1049 2519 1136 2566 Bnrm.
1147 2525 1174 2567 et
1186 2517 1245 2580 Bip.
1256 2519 1362 2581 legitor.

262 2585 323 2635 Pel.
337 2590 361 2635 l.
369 2585 450 2634 bebet
461 2585 500 2633 M.
512 2585 612 2632 denium
626 2597 685 2633 em.
698 2597 737 2646 pr.
775 2584 809 2633 el.
820 2587 847 2632 2.
863 2583 890 2632 T.
900 2582 1002 2631 denisce
1012 2582 1182 2642 Philemonem,
1193 2582 1251 2631 Pel.
1260 2586 1285 2632 8.
1302 2582 1365 2631 Pto·-

262 2651 383 2698 lorreenem.
415 2648 541 2697 Preebent
550 2648 711 2696 Philemonem
736 2660 767 2694 uo
788 2660 819 2694 oe
831 2645 943 2694 Ceeeub.
953 2645 1029 2694 codd.
1039 2659 1098 2695 cum
1110 2646 1176 2695 Edd.
1188 2644 1250 2696 ΑΜ.
1261 2647 1325 2708 Arg.
1335 2653 1364 2710 et

262 2713 420 2776 &epu-lo
437 2713 515 2774 vulg.
526 2709 655 2772 weit,
665 2662 733 2774 quod
745 2710 776 2758 ed
806 2704 827 2759 it
844 2709 935 2758 Borm.
953 2717 981 2758 et
997 2710 1079 2758 secuti
1092 2711 1153 2760 Ero.
1164 2709 1226 2772 Bip.
1241 2709 1287 2760 red
1299 2709 1362 2759 illud

262 2774 379 2826 firmetur
389 2791 424 2825 ex
435 2777 499 2824 Mes.
513 2775 598 2824 Pulm.
607 2774 719 2824 &roob
729 2774 803 2823 Torr.
814 2773 883 2823 Oud.
892 2780 920 2823 et
930 2773 1027 2836 weldi,
1038 2780 1065 2822 et
1074 2773 1140 2822 aliie.
1157 2773 1223 2823 ltern
1234 2789 1271 2838 eq.
1282 2774 1364 2823 ordinm

262 2838 341 2888 Viod.
353 2845 425 2890 l.-l
440 2840 586 2902 Tempeetnte
595 2839 695 2888 viterb.
707 2853 757 2888 non
770 2837 934 2900 improbante
945 2837 1055 2887 Ceseub.
1073 2837 1224 2887 DeinTorr.
1234 2838 1362 2903 probante

264 2901 334 2952 0nd.
352 2910 380 2954 et
398 2903 508 2953 cnunc.
526 2904 632 2966 legebat
648 2908 672 2952 et
689 2903 718 2952 T.
732 2903 817 2950 Piner.
850 2902 914 2949 Mox
924 2903 1099 2950 concionantem
1112 2901 1213 2952 Medic.
1225 2907 1250 2953 1.
1260 2901 1327 2950 idem
1339 2907 1363 2950 et

263 2979 325 3029 eper.
339 2981 397 3017 enm
409 2967 487 3018 Vind.
500 2971 523 3015 1.
538 2976 566 3018 et
579 2967 646 3016 Edd.
657 2969 731 3016 Rom.
743 2966 810 3015 Ven.
822 2963 980 3014 Medion-n
998 2964 1068 3014 Ante
1084 2965 1199 3016 cuenb.
1211 2967 1288 3030 vulgo
1300 2965 1362 3015 ede-

263 3030 340 3081 betur
350 3047 429 3082 cerem
439 3047 473 3089 ee,
482 3031 529 3081 red
544 3031 573 3080 eb
582 3048 608 3082 re
623 3033 733 3095 ejiciunt
747 3031 812 3080 Mer.
825 3037 881 3094 opt.
892 3033 1021 3078 norm-t
1039 3028 1122 3081 codd.
1132 3029 1238 3095 quidum
1251 3031 1363 3083 ceuub.

757 3207 868 3260 NOTAE

296 3333 307 3358 ¹
319 3324 483 3387 Pergamum]
500 3325 600 3389 Pegeul
610 3325 796 3390 euntqnieum·
836 3324 959 3386 tenebere
975 3329 1004 3374 et
1015 3320 1135 3386 Augusto
1145 3322 1223 3372 etiem
1234 3322 1363 3376 liecens-

265 3411 316 3462 qne
335 3399 405 3448 elree
425 3413 476 3448 non
497 3401 647 3462 militentee,
663 3416 714 3451 noo
734 3416 795 3452 vero
836 3401 870 3450 tie
881 3401 989 3452 coneilio
1000 3399 1125 3464 ejusmodi
1141 3398 1272 3448 deletoree
1282 3397 1363 3450 solete

264 3474 354 3522 rustici
363 3487 486 3536 pagorum
495 3475 595 3524 lncole.
613 3477 715 3525 Deillie
722 3477 797 3539 plere
835 3483 912 3527 notet
930 3476 1001 3535 Dior
1022 3473 1193 3538 sedunorum
1213 3472 1364 3523 testimonio

265 3547 334 3611 opud
355 3547 728 3611 doreconeoltoe,·prreeertim
750 3549 795 3600 ubl
834 3551 937 3601 nonnisi
967 3557 1044 3601 ceute
1072 3549 1207 3599 admodum
1235 3554 1365 3600 uteretur.

265 3623 299 3674 de
313 3623 433 3674 militarie
443 3630 473 3674 et
489 3625 610 3689 pegenicl
629 3629 796 3674 teetemento·
835 3625 937 3675 cnrloel
948 3623 1056 3675 luerunt
1064 3624 1081 3674 il
1090 3636 1201 3689 quoqne,
1211 3624 1255 3690 qui
1267 3622 1365 3688 publici

265 3713 322 3750 rom
334 3695 498 3750 differentiis.
835 3715 925 3752 eurem
941 3713 1030 3751 eorem
1050 3698 1186 3764 gerebant,
1202 3701 1290 3766 quelee
1300 3700 1366 3750 dioi-

296 3781 310 3809 ⁸
326 3775 462 3839 ebriorum]
487 3775 590 3826 conosi
611 3787 662 3826 non
681 3773 699 3824 ii
719 3775 796 3826 modo
835 3791 892 3826 mne
905 3777 1009 3828 Moitree
1016 3777 1058 3826 dee
1069 3776 1164 3840 Poetee,
1174 3775 1208 3826 de
1219 3777 1312 3843 quibus
1321 3776 1366 3826 lib.

265 3850 334 3916 epnd
345 3849 404 3901 illos
421 3857 506 3914 erent,
521 3852 566 3916 qul
580 3852 715 3902 multorom
728 3859 795 3902 eete-
836 3863 901 3904 xrrr.
922 3851 988 3902 Cod.
1007 3851 1042 3901 de
1059 3865 1137 3902 curru
1150 3853 1267 3916 publico,
1282 3858 1310 3902 et
1320 3852 1366 3901 nb.

266 3927 424 3990 genearum
434 3927 478 3992 qui
490 3928 626 3978 commisse
637 3929 679 3977 rel
688 3929 714 3977 in
725 3929 796 3992 pelo·
834 3941 854 3978 r.
867 3929 933 3981 cod.
950 3928 983 3978 de
994 3927 1110 3980 curionis
1120 3935 1148 3978 et
1159 3927 1334 3978 Stetleuerilr.

266 4003 331 4065 cipis
349 4004 390 4052 rel
410 4005 435 4053 in
454 4003 594 4067 praeeldnm
611 4005 797 4056 comitetneri·
872 4003 1086 4069 '’Speculeloeern]
1111 4004 1266 4068 §peculator
1284 4003 1306 4050 le
1324 4009 1365 4051 eet

265 4076 338 4125 minu
357 4091 406 4140 per
432 4079 578 4140 provinciae
601 4078 797 4144 investigarent,
836 4081 942 4142 proprie
963 4079 1045 4137 miter,
1070 4081 1115 4144 qni
1136 4078 1240 4127 silentio
1261 4077 1365 4127 boetilia

266 4157 295 4200 et
305 4151 465 4212 nuntiarent,
481 4155 570 4216 qrrulee
582 4161 609 4203 et
619 4154 706 4204 Medic
717 4153 797 4204 solere
837 4153 973 4216 perspicit,
990 4161 1019 4202 nt
1037 4154 1098 4203 duci
1110 4151 1217 4202 referet.
1250 4149 1364 4200 Adriano

266 4232 356 4302 cerret
372 4225 534 4290 Herodotus,
550 4235 579 4277 et
594 4229 623 4278 in
640 4230 721 4279 Dorio
735 4229 798 4279 Plu·
833 4228 940 4280 fuerunt
959 4229 1068 4280 ministri
1086 4228 1201 4294 quidem,
1224 4240 1289 4292 quoe
1312 4225 1366 4278 fro·
