3160 4918
634 387 827 463 oorsvru's.
1080 423 1085 432 ·
1206 401 1276 498 ‘ulo

188 561 384 624 exornatum
409 556 583 620 nuudibus
610 557 741 640 spoliis,
765 557 925 640 Neptuno
950 577 991 624 ec
1017 557 1140 623 Morti·
1161 577 1277 625 con»

162 673 164 678 ’
189 661 303 724 crevit.
320 719 324 726 ,
347 657 431 740 [19.]
451 656 630 722 Tumultus
645 665 725 742 post
738 659 835 737 huson
850 667 907 724 et⁵
926 677 1036 724 rerum
1050 679 1211 725 novorum
1227 663 1277 725 in«

184 763 256 832 itia,
271 758 583 842 conjurationesque
597 758 800 842 complures,
815 761 1013 846 priusquam
1027 761 1277 839 invalescerent,

185 860 312 924 indicio
327 861 477 924 detectus
489 861 696 943 compressit,
707 862 794 925 nlius
808 862 876 926 ulio
890 869 1038 945 tempore
1048 881 1056 924 t
1067 861 1076 897 ²
1089 861 1210 944 Lepidi
1221 862 1277 946 ju-

187 963 292 1038 venis,
306 961 424 1026 deinde
439 961 600 1025 Vurrouis
619 961 795 1028 Murcoae⁶
817 969 851 1027 ct
866 963 984 1028 Fannii
1000 961 1183 1044 Gaepionis,
1197 983 1278 1027 mox

185 1062 236 1126 Μ.
252 1063 411 1144 Fgmtii,⁷
433 1064 512 1126 exio
529 1062 656 1126 Plautii
673 1063 765 1139 Ruti,
788 1063 953 1145 Luciique
981 1063 1080 1128 Pauli
1103 1063 1277 1146 progeneri

186 1165 286 1226 suit¹¹
309 1182 349 1226 ec
364 1170 486 1245 praeter
500 1163 558 1225 hus
575 1162 614 1226 L.
630 1161 802 1241 Audesii,⁸
815 1163 975 1228 fulsurum
991 1163 1201 1228 tubulorumv
1216 1164 1276 1242 rei,

184 1428 209 1470 et
219 1421 334 1485 applicato
344 1421 401 1471 Pol.
413 1427 435 1470 l.
447 1421 568 1484 Apollonis
578 1423 681 1472 Momm.
692 1429 720 1472 ut
732 1423 803 1474 olibi.
836 1423 902 1473 Item
914 1429 938 1472 et
950 1423 1029 1473 Morti
1038 1421 1116 1471 Vind.
1129 1427 1201 1470 r.-e
1214 1421 1279 1476 Vul-

186 1501 257 1544 ροσε
268 1487 339 1533 etium
349 1500 392 1534 rer-
429 1485 549 1536 Praetulit
562 1487 649 1536 Burin.
660 1494 683 1537 et
694 1489 773 1548 etium,
784 1489 940 1550 astipulante
957 1489 1018 1536 Ero.
1035 1501 1093 1536 cum
1108 1485 1169 1548 Lyn.
1186 1492 1215 1534 et
1229 1485 1279 1536 Ed.

184 1551 261 1598 Boni.
278 1549 385 1598 Delesit
395 1552 466 1599 etiam
477 1550 547 1600 0ud.
557 1549 609 1600 fids
618 1552 696 1600 trium
706 1551 803 1600 Medic.
815 1551 898 1602 ntriue
918 1566 950 1600 ue
959 1550 1038 1600 Vind.
1049 1551 1121 1600 Cort.
1130 1551 1279 1612 Copvoss.

185 1613 213 1662 in
226 1612 388 1676 quopostdoo,
398 1613 491 1676 quibus
502 1614 631 1664 occedrrnt
648 1615 727 1663 Fouc.
742 1616 865 1664 Dunelnr.
899 1569 997 1666 deiros
1012 1613 1079 1664 idem
1096 1613 1164 1662 Oud.
1175 1611 1278 1663 deletet

117 1699 120 1706 ·
186 1685 247 1726 ente
257 1677 325 1734 etius,
337 1675 406 1737 quod
418 1691 468 1726 non
480 1677 577 1738 legitur
588 1679 613 1726 in
625 1679 682 1727 Pol.
697 1683 719 1727 1.
733 1683 758 1728 2.
775 1680 871 1728 Medic.
883 1683 908 1728 3.
924 1687 953 1729 et
970 1677 1037 1728 Edd.
1051 1677 1112 1727 Ain.
1124 1678 1187 1739 Arg.
1204 1677 1279 1729 dunt.

185 1741 274 1802 Strplr.
294 1741 495 1790 mentientibus
515 1743 625 1792 Bernec.
646 1743 736 1790 Burni.
757 1741 818 1790 Ern·
841 1741 1277 1806 Booug.-en1creoaeqoeperrc

184 1805 312 1854 Mercurio
323 1805 388 1866 Cup.
399 1805 522 1854 Memno
532 1806 629 1854 Medio.
638 1806 704 1854 Edd.
713 1806 779 1854 Ven.
792 1811 814 1855 i.
825 1806 932 1856 Medici.
947 1806 1011 1856 'l'om
1025 1806 1102 1856 Fessi
1112 1804 1209 1856 Medic.
1218 1803 1279 1855 duo.

187 1869 269 1917 Fauni
281 1867 355 1917 Vind.
367 1873 391 1917 2.
403 1868 524 1932 Scipionis
533 1869 600 1918 Edd.
614 1871 736 1918 Rom-t
756 1871 845 1920 Gesoti
856 1871 915 1920 Pol.
927 1875 952 1920 1.
963 1875 988 1918 2.
1001 1870 1080 1920 Fouc.
1093 1870 1216 1918 Duuelru.
1228 1867 1279 1916 Pe·

187 1935 233 1980 riz.
261 1932 320 1994 Cuj.
343 1931 459 1982 Herlem.
483 1941 510 1982 et
533 1933 601 1982 Edd.
619 1935 694 1982 Vett.
721 1933 823 1982 Genucii
845 1935 932 1982 Plcnt.
959 1933 1058 1982 Gesoiti
1076 1933 1182 1982 Merum.
1228 1932 1280 1981 lie-

185 1997 291 2056 scripsit
309 1997 422 2045 Trrrnrb.
442 1997 550 2046 (leontii.
582 1997 677 2046 Serrst
699 1997 799 2058 Bgnotii
816 1999 885 2046 solur
905 1997 1001 2048 Nonoii
1020 1995 1078 2046 cod.
1110 1995 1280 2044 MoxPiostii

185 2059 261 2109 codd.
271 2059 383 2108 Coseul).
400 2061 487 2108 Ptonci
499 2061 538 2108 rel
549 2061 645 2110 Plonct't'
656 2060 741 2109 Poris.
753 2061 868 2109 Heriem.
881 2061 964 2110 Ptoutt‘
978 2055 1083 2109 Memno}
1102 2059 1169 2120 Cup.
1184 2069 1211 2107 et
1227 2057 1279 2107 Ed.

185 2125 311 2172 Rom-8
327 2123 429 2172 Andosii
442 2125 526 2174 liouc.¹
553 2124 640 2174 Audin
656 2125 745 2186 anoc.
779 2125 882 2174 indocti
900 2123 948 2172 Ed.
968 2123 1043 2172 Rom.
1085 2121 1180 2171 Audoui
1191 2122 1278 2170 Peris.

187 2188 296 2236 Asdoxii
313 2187 430 2237 llorienr.
447 2189 513 2238 Vsu.
530 2194 564 2237 tr.
591 2188 711 2238 Asuuius
730 2187 790 2236 Bor.
818 2189 910 2237 Aodori
926 2187 959 2236 de
977 2200 1048 2235 more
1065 2186 1170 2235 Merum.
1188 2187 1232 2249 qui
1251 2196 1280 2234 et

187 2251 268 2310 Asini,
290 2265 347 2300 cum
368 2251 433 2300 eliis.
475 2251 592 2300 Tenosirii
614 2252 696 2300 Fouc.
720 2250 855 2300 Tternorr'ni
876 2250 962 2299 Petis.
986 2251 1050 2312 Cup.
1072 2249 1187 2297 Heriem·
1212 2247 1280 2299 Edd.

189 2315 261 2364 lions.
278 2314 344 2364 Bon.
361 2315 426 2361 Ven.
442 2322 469 2363 et
485 2316 559 2364 vett.
575 2329 643 2364 omo.
661 2328 742 2377 usque
759 2313 790 2362 ed
808 2315 896 2364 Plent.
913 2314 961 2362 niti
979 2314 1046 2376 quod
1065 2311 1193 2362 utemini
1207 2310 1280 2363 dunt.
1361 2353 1365 2358 .

187 2387 213 2428 et
233 2375 294 2428 nid.
316 2379 419 2442 Epidoci
437 2377 519 2442 Lugd·
535 2378 607 2430 Jnut.
634 2378 757 2442 Epieordi,
773 2387 800 2426 et
819 2392 879 2428 mox
902 2377 1043 2441 Epicurdor,
1058 2376 1118 2426 Set).
1137 2375 1235 2440 Grypo.
1251 2383 1280 2425 et

678 2506 788 2557 uo‘rm
812 2472 817 2482 '

191 2599 276 2664 liujus
285 2601 539 2650 meminisserldetur
548 2599 715 2670 Stroboibid.
787 2611 798 2657 t
817 2599 850 2651 Α.
862 2601 896 2652 U.
909 2603 938 2652 C.
949 2605 1007 2652 iti.

189 2675 269 2723 Silius
286 2675 329 2724 tin.
348 2687 395 2724 xv.
414 2677 422 2703 ⁴
437 2677 557 2724 Lerrcsus
577 2683 605 2724 et
623 2676 714 2726 Phoebi
787 2678 879 2728 ‘Alius
895 2679 943 2726 otio
960 2677 1073 2741 ternpore]
1091 2675 1190 2726 Herum
1201 2677 1281 2725 moxl-

188 2749 254 2797 eidlt
273 2750 338 2798 citos
357 2749 436 2799 Actio
454 2751 567 2813 templs!
600 2751 651 2799 Dio
669 2751 713 2800 lib.
753 2765 820 2801 nrum
832 2753 1108 2816 penemeodemquo
1126 2751 1281 2812 hieordine,

187 2825 318 2876 nutritio
338 2824 439 2874 miserm
461 2824 567 2874 Aetium
589 2826 714 2876 coloniam
754 2825 1037 2891 Liriarecensetopud
1057 2828 1181 2877 Senecem
1202 2825 1246 2874 lib.
1259 2837 1281 2876 r.

186 2905 308 2959 testatur,
329 2901 466 2948 obscurum
487 2907 564 2949 entes
582 2901 715 2964 oppidum,
754 2902 787 2951 dc
805 2905 933 2952 Clement.
956 2917 1013 2966 cop.
1030 2907 1055 2952 9.
1072 2910 1102 2953 ut
1122 2902 1214 2952 mirum
1236 2903 1279 2965 sit,

186 2973 714 3038 undevirgilitrldriixitdeActio,‘psr·
753 2979 848 3026 nuliom
859 2993 873 3027 s
884 2977 1007 3026 Suetonio
1023 2973 1119 3026 fuctum
1136 2991 1193 3026 esse
1209 2989 1280 3023 men-

186 3065 226 3099 ore
238 3051 401 3101 succedimus
413 3050 489 3100 nonu·
753 3051 849 3099 tionem
869 3051 981 3100 Cornelii
993 3049 1092 3112 cinos,
1105 3049 1148 3113 qul
1170 3049 1281 3098 omniurn

219 3127 327 3176 'Mers
336 3125 477 3189 mmm]
490 3125 547 3176 lloc
556 3127 612 3190 ipso
623 3126 647 3175 ln
657 3127 714 3176 locu
754 3125 859 3174 ultimus
869 3125 1024 3188 coujurovit.

187 3203 316 3252 conditum
334 3203 434 3263 urbem,
450 3210 540 3250 sueton
557 3207 598 3251 est
616 3203 674 3258 illo,
687 3209 716 3251 et
786 3209 799 3234 ¹
815 3201 948 3261 Progmeri
963 3197 1013 3260 est]
1037 3197 1170 3261 Progener
1187 3197 1282 3247 dicitnr

186 3279 311 3341 tempium
323 3293 355 3326 es
366 3279 421 3339 lpso
434 3283 517 3340 perte,
535 3277 559 3325 ln
571 3292 621 3342 quo
631 3277 716 3327 lueret
757 3277 843 3339 neptis
860 3277 976 3332 moritus,
997 3271 1209 3338 quemadmodum
1222 3287 1281 3335 pro·

189 3352 298 3415 Augusti
310 3353 470 3416 pretorium.
502 3352 578 3404 Quod
592 3354 651 3414 quis
662 3353 715 3401 foc·
756 3364 829 3400 socer
844 3349 898 3397 sire
915 3361 990 3397 socer
999 3360 1106 3411 mugnus
1120 3353 1162 3396 est
1172 3346 1221 3396 riri
1234 3355 1280 3398 unt

187 3435 241 3477 tum
253 3429 317 3477 slim
327 3426 503 3476 exstrobonis
512 3426 556 3476 lib.
568 3439 608 3476 rr.
617 3427 717 3489 colligit
756 3423 843 3473 uxoris
854 3437 926 3474 erus.
959 3421 1108 3472 choutenn
1125 3421 1281 3474 Peuluan·

188 3503 364 3566 Cumubonm,
387 3501 444 3551 ideo
466 3501 604 3551 sententies
623 3502 716 3552 Dionis
755 3501 816 3550 lism
839 3499 951 3548 duxerst
969 3496 1080 3562 Angrrsti
1104 3505 1219 3560 neptem,
1246 3511 1280 3547 ex

186 3579 340 3644 oeqoiesclt,
348 3577 470 3627 domnelo
480 3579 573 3626 erroris
584 3578 717 3638 Suetonio,
759 3575 874 3640 Agrippa
884 3587 979 3637 genero
993 3581 1019 3623 et
1030 3572 1101 3624 ,lullo
1109 3571 1170 3631 dlis,
1182 3572 1214 3622 de
1224 3575 1281 3638 qul·

189 3657 231 3704 cni
243 3665 328 3705 temen
346 3654 501 3704 Plutarchus
518 3655 674 3718 astipuletur
690 3655 717 3704 iu
757 3651 918 3712 bttscnp.tit.

192 3732 319 3781 Antonio:
337 3731 397 3781 sido
409 3738 436 3781 et
447 3735 521 3781 cM.
533 3731 609 3781 infre.
787 3734 800 3760 '
817 3725 939 3776 Fulserunt
951 3721 1095 3784 tndelorsnt]
1118 3721 1188 3774 Quid
1205 3721 1282 3771 tebu-
1368 3741 1371 3748 ·

223 3807 358 3870 ‘Neptuno
369 3823 397 3856 oc
408 3805 499 3868 Morti]
523 3807 597 3856 Idem
616 3807 718 3869 Dio,et
755 3798 956 3853 loriutiulnl.
972 3801 1046 3847 eti.
1079 3796 1210 3845 Fulserunt
1222 3807 1281 3846 rens

190 3881 282 3932 Strabo
309 3897 359 3930 nou
389 3882 511 3945 Neptuno
534 3881 578 3929 sed
602 3880 717 3944 Apollini
756 3887 808 3940 est,
818 3879 972 3942 quicumque
985 3872 1064 3922 falsos
1074 3875 1124 3921 no‘u
1133 3871 1209 3920 modu
1220 3885 1281 3921 con·

188 3962 367 4006 consecreturn
384 3957 465 4016 siunt,
483 3957 550 4020 quod
568 3957 656 4019 placet
667 3957 718 4007 Cu·
755 3951 886 4015 t'ecit,sed
897 3950 938 3998 rel
955 3947 1076 4011 riguerit,
1089 3947 1128 3994 rei
1144 3951 1281 3996 testonren-

188 4033 303 4082 soubono
315 4038 422 4095 propter
433 4044 555 4080 innumero
567 4031 715 4094 religionem
757 4029 834 4077 teris·
845 4023 950 4074 ulterius
961 4021 1222 4084 delerit,reslquorit,
1230 4025 1280 4072 tec.

187 4107 300 4171 Augusti
313 4107 339 4154 in
349 4105 504 4170 Apollinem,
513 4113 539 4154 et
550 4113 651 4155 setores
661 4107 717 4171 ejus
756 4103 838 4152 Poens
853 4107 910 4150 eret
922 4097 1119 4161 deponentque
1135 4109 1169 4147 er
1181 4096 1280 4162 mbos
1366 4127 1370 4134 -

187 4197 245 4230 cnm
265 4181 391 4246 Neptuno
407 4179 559 4244 simultates,
576 4181 717 4247 dequibus
758 4191 782 4227 c.
794 4179 832 4228 17.
849 4173 936 4225 citetis
945 4172 1033 4223 ridere
1044 4179 1094 4223 est.

189 4269 212 4305 u.
228 4261 270 4306 ld.
