<?xml version="1.0" encoding="UTF-8"?>
<!DOCTYPE html PUBLIC "-//W3C//DTD XHTML 1.0 Transitional//EN"
    "http://www.w3.org/TR/xhtml1/DTD/xhtml1-transitional.dtd">
<html xmlns="http://www.w3.org/1999/xhtml" xml:lang="en" lang="en">
 <head>
  <title>
</title>
<meta http-equiv="Content-Type" content="text/html;charset=utf-8" />
  <meta name='ocr-system' content='tesseract 3.04.00' />
  <meta name='ocr-capabilities' content='ocr_page ocr_carea ocr_par ocr_line ocrx_word'/>
</head>
<body>
  <div class='ocr_page' id='page_1' title='image "./operaomniaexedi02suetgoog_0522.png"; bbox 0 0 3228 4914; ppageno 0'>
   <div class='ocr_carea' id='block_1_1' title="bbox 661 391 1295 456">
    <p class='ocr_par' dir='ltr' id='par_1_1' title="bbox 661 391 1295 456">
     <span class='ocr_line' id='line_1_1' title="bbox 661 391 1295 456; baseline 0.005 -3"><span class='ocrx_word' id='word_1_1' title='bbox 661 407 851 456; x_wconf 73' lang='lat' dir='ltr'><strong>stennius.</strong></span> <span class='ocrx_word' id='word_1_2' title='bbox 1228 391 1295 456; x_wconf 80' lang='lat' dir='ltr'><strong>tec</strong></span> 
     </span>
    </p>
   </div>
   <div class='ocr_carea' id='block_1_2' title="bbox 210 545 1298 832">
    <p class='ocr_par' dir='ltr' id='par_1_2' title="bbox 210 545 1298 832">
     <span class='ocr_line' id='line_1_2' title="bbox 212 545 1296 631; baseline 0.003 -21"><span class='ocrx_word' id='word_1_3' title='bbox 212 545 382 625; x_wconf 84' lang='lat' dir='ltr'><strong>habemus,</strong></span> <span class='ocrx_word' id='word_1_4' title='bbox 398 554 436 612; x_wconf 88' lang='lat' dir='ltr'><strong>nt</strong></span> <span class='ocrx_word' id='word_1_5' title='bbox 450 548 619 631; x_wconf 87' lang='lat' dir='ltr'><strong>implicare</strong></span> <span class='ocrx_word' id='word_1_6' title='bbox 634 567 697 613; x_wconf 86' lang='lat' dir='ltr'><strong>nos</strong></span> <span class='ocrx_word' id='word_1_7' title='bbox 712 548 862 629; x_wconf 85' lang='lat' dir='ltr'><strong>pluribus</strong></span> <span class='ocrx_word' id='word_1_8' title='bbox 876 550 1017 630; x_wconf 79' lang='lat' dir='ltr'><strong>negotiis</strong></span> <span class='ocrx_word' id='word_1_9' title='bbox 1032 549 1226 614; x_wconf 76' lang='lat' dir='ltr'><strong>debeamus.</strong></span> <span class='ocrx_word' id='word_1_10' title='bbox 1257 549 1296 614; x_wconf 88' lang='lat' dir='ltr'><strong>Si</strong></span> 
     </span>
     <span class='ocr_line' id='line_1_3' title="bbox 210 645 1296 732; baseline 0.003 -21"><span class='ocrx_word' id='word_1_11' title='bbox 210 649 293 712; x_wconf 88' lang='lat' dir='ltr'><strong>hanc</strong></span> <span class='ocrx_word' id='word_1_12' title='bbox 307 645 502 714; x_wconf 83' lang='lat' dir='ltr'><strong>fenestram¹</strong></span> <span class='ocrx_word' id='word_1_13' title='bbox 523 647 743 731; x_wconf 80' lang='lat' dir='ltr'><strong>aperueritis,⁸</strong></span> <span class='ocrx_word' id='word_1_14' title='bbox 766 648 848 714; x_wconf 88' lang='lat' dir='ltr'><strong>nihil</strong></span> <span class='ocrx_word' id='word_1_15' title='bbox 859 650 947 714; x_wconf 82' lang='lat' dir='ltr'><strong>eliud</strong></span> <span class='ocrx_word' id='word_1_16' title='bbox 963 652 1016 732; x_wconf 75' lang='lat' dir='ltr'><strong>agi</strong></span> <span class='ocrx_word' id='word_1_17' title='bbox 1029 650 1165 714; x_wconf 87' lang='lat' dir='ltr'><strong>sinetis:</strong></span> <span class='ocrx_word' id='word_1_18' title='bbox 1190 653 1296 714; x_wconf 89' lang='lat' dir='ltr'><strong>omni-</strong></span> 
     </span>
     <span class='ocr_line' id='line_1_4' title="bbox 211 746 1298 832; baseline 0.006 -22"><span class='ocrx_word' id='word_1_19' title='bbox 211 767 267 814; x_wconf 88' lang='lat' dir='ltr'><strong>um</strong></span> <span class='ocrx_word' id='word_1_20' title='bbox 292 746 502 814; x_wconf 66' lang='lat' dir='ltr'><strong>inimicitiae*</strong></span> <span class='ocrx_word' id='word_1_21' title='bbox 523 750 587 814; x_wconf 92' lang='lat' dir='ltr'><strong>hoc</strong></span> <span class='ocrx_word' id='word_1_22' title='bbox 611 757 777 832; x_wconf 81' lang='lat' dir='ltr'><strong>praetexto</strong></span> <span class='ocrx_word' id='word_1_23' title='bbox 796 750 839 814; x_wconf 88' lang='lat' dir='ltr'><strong>ad</strong></span> <span class='ocrx_word' id='word_1_24' title='bbox 860 771 920 816; x_wconf 90' lang='lat' dir='ltr'><strong>nos</strong></span> <span class='ocrx_word' id='word_1_25' title='bbox 948 751 1150 816; x_wconf 65' lang='lat' dir='ltr'><strong>deserentur?</strong></span> <span class='ocrx_word' id='word_1_26' title='bbox 1193 752 1298 816; x_wconf 81' lang='lat' dir='ltr'><strong>Extat</strong></span> 
     </span>
    </p>
   </div>
   <div class='ocr_carea' id='block_1_3' title="bbox 211 850 1408 937">
    <p class='ocr_par' dir='ltr' id='par_1_3' title="bbox 211 850 1408 937">
     <span class='ocr_line' id='line_1_5' title="bbox 211 850 1408 937; baseline 0.004 -26"><span class='ocrx_word' id='word_1_27' title='bbox 211 856 247 912; x_wconf 90' lang='lat' dir='ltr'><strong>et</strong></span> <span class='ocrx_word' id='word_1_28' title='bbox 261 869 368 915; x_wconf 89' lang='lat' dir='ltr'><strong>sermo</strong></span> <span class='ocrx_word' id='word_1_29' title='bbox 384 850 456 933; x_wconf 91' lang='lat' dir='ltr'><strong>ejus</strong></span> <span class='ocrx_word' id='word_1_30' title='bbox 470 851 505 914; x_wconf 91' lang='lat' dir='ltr'><strong>in</strong></span> <span class='ocrx_word' id='word_1_31' title='bbox 528 853 653 917; x_wconf 89' lang='lat' dir='ltr'><strong>Senatu</strong></span> <span class='ocrx_word' id='word_1_32' title='bbox 668 851 860 934; x_wconf 86' lang='lat' dir='ltr'><strong>percivilis:</strong></span> <span class='ocrx_word' id='word_1_33' title='bbox 883 852 1076 937; x_wconf 87' lang='lat' dir='ltr'><strong>‘Siquidem</strong></span> <span class='ocrx_word' id='word_1_34' title='bbox 1092 853 1222 917; x_wconf 89' lang='lat' dir='ltr'><strong>locutus</strong></span> <span class='ocrx_word' id='word_1_35' title='bbox 1236 853 1299 918; x_wconf 91' lang='lat' dir='ltr'><strong>ali·</strong></span> <span class='ocrx_word' id='word_1_36' title='bbox 1406 909 1408 916; x_wconf 80' lang='grc'>,</span> 
     </span>
    </p>
   </div>
   <div class='ocr_carea' id='block_1_4' title="bbox 171 951 1298 2046">
    <p class='ocr_par' dir='ltr' id='par_1_4' title="bbox 171 951 1298 2046">
     <span class='ocr_line' id='line_1_6' title="bbox 210 951 1296 1034; baseline 0.004 -22"><span class='ocrx_word' id='word_1_37' title='bbox 210 955 280 1012; x_wconf 70' lang='lat' dir='ltr'><strong>tertt</strong></span> <span class='ocrx_word' id='word_1_38' title='bbox 305 951 523 1028; x_wconf 75' lang='lat' dir='ltr'><strong>suerit,›dabo</strong></span> <span class='ocrx_word' id='word_1_39' title='bbox 547 970 692 1034; x_wconf 90' lang='lat' dir='ltr'><strong>oporam,</strong></span> <span class='ocrx_word' id='word_1_40' title='bbox 713 959 752 1016; x_wconf 86' lang='lat' dir='ltr'><strong>ut</strong></span> <span class='ocrx_word' id='word_1_41' title='bbox 776 953 933 1018; x_wconf 90' lang='lat' dir='ltr'><strong>rationem</strong></span> <span class='ocrx_word' id='word_1_42' title='bbox 959 953 1124 1018; x_wconf 82' lang='lat' dir='ltr'><strong>sactorum</strong></span> <span class='ocrx_word' id='word_1_43' title='bbox 1149 973 1296 1018; x_wconf 89' lang='lat' dir='ltr'><strong>meomm</strong></span> 
     </span>
     <span class='ocr_line' id='line_1_7' title="bbox 211 1050 1297 1134; baseline 0.006 -22"><span class='ocrx_word' id='word_1_44' title='bbox 211 1050 441 1133; x_wconf 81' lang='lat' dir='ltr'><strong>dictorumque</strong></span> <span class='ocrx_word' id='word_1_45' title='bbox 459 1051 616 1116; x_wconf 79' lang='lat' dir='ltr'>reddam:</span> <span class='ocrx_word' id='word_1_46' title='bbox 639 1053 668 1114; x_wconf 90' lang='lat' dir='ltr'><strong>si</strong></span> <span class='ocrx_word' id='word_1_47' title='bbox 681 1055 951 1134; x_wconf 78' lang='lat' dir='ltr'><strong>perseveraverit,</strong></span> <span class='ocrx_word' id='word_1_48' title='bbox 965 1055 1107 1118; x_wconf 84' lang='lat' dir='ltr'><strong>invicem</strong></span> <span class='ocrx_word' id='word_1_49' title='bbox 1125 1073 1200 1117; x_wconf 90' lang='lat' dir='ltr'><strong>enm</strong></span> <span class='ocrx_word' id='word_1_50' title='bbox 1217 1056 1297 1118; x_wconf 92' lang='lat' dir='ltr'><strong>ode·</strong></span> 
     </span>
     <span class='ocr_line' id='line_1_8' title="bbox 210 1148 1297 1239; baseline 0.005 -25"><span class='ocrx_word' id='word_1_51' title='bbox 210 1148 284 1214; x_wconf 84' lang='lat' dir='ltr'><strong>r0.’¹</strong></span> <span class='ocrx_word' id='word_1_52' title='bbox 327 1151 408 1234; x_wconf 73' lang='lat' dir='ltr'><strong>[ee]</strong></span> <span class='ocrx_word' id='word_1_53' title='bbox 429 1151 541 1236; x_wconf 84' lang='lat' dir='ltr'><strong>Atque</strong></span> <span class='ocrx_word' id='word_1_54' title='bbox 553 1153 627 1219; x_wconf 85' lang='lat' dir='ltr'><strong>haec</strong></span> <span class='ocrx_word' id='word_1_55' title='bbox 647 1161 723 1217; x_wconf 86' lang='lat' dir='ltr'><strong>eo¹⁰</strong></span> <span class='ocrx_word' id='word_1_56' title='bbox 744 1153 906 1218; x_wconf 77' lang='lat' dir='ltr'><strong>nobiliora</strong></span> <span class='ocrx_word' id='word_1_57' title='bbox 930 1163 1036 1232; x_wconf 92' lang='lat' dir='ltr'><strong>erant,</strong></span> <span class='ocrx_word' id='word_1_58' title='bbox 1052 1155 1143 1239; x_wconf 90' lang='lat' dir='ltr'><strong>quod</strong></span> <span class='ocrx_word' id='word_1_59' title='bbox 1164 1155 1240 1236; x_wconf 91' lang='lat' dir='ltr'><strong>ipse</strong></span> <span class='ocrx_word' id='word_1_60' title='bbox 1262 1158 1297 1219; x_wconf 91' lang='lat' dir='ltr'><strong>in</strong></span> 
     </span>
     <span class='ocr_line' id='line_1_9' title="bbox 211 1251 1297 1339; baseline 0.005 -25"><span class='ocrx_word' id='word_1_61' title='bbox 211 1251 423 1334; x_wconf 78' lang='lat' dir='ltr'><strong>appellandis</strong></span> <span class='ocrx_word' id='word_1_62' title='bbox 448 1255 710 1338; x_wconf 84' lang='lat' dir='ltr'><strong>venerandisque</strong></span> <span class='ocrx_word' id='word_1_63' title='bbox 731 1261 764 1317; x_wconf 88' lang='lat' dir='ltr'><strong>et</strong></span> <span class='ocrx_word' id='word_1_64' title='bbox 785 1256 935 1335; x_wconf 84' lang='lat' dir='ltr'><strong>singulis,</strong></span> <span class='ocrx_word' id='word_1_65' title='bbox 949 1263 982 1320; x_wconf 88' lang='lat' dir='ltr'><strong>ot</strong></span> <span class='ocrx_word' id='word_1_66' title='bbox 995 1257 1170 1332; x_wconf 86' lang='lat' dir='ltr'><strong>universis,</strong></span> <span class='ocrx_word' id='word_1_67' title='bbox 1192 1275 1297 1339; x_wconf 91' lang='lat' dir='ltr'><strong>prope</strong></span> 
     </span>
     <span class='ocr_line' id='line_1_10' title="bbox 212 1354 1296 1433; baseline 0.007 -19"><span class='ocrx_word' id='word_1_68' title='bbox 212 1362 402 1417; x_wconf 79' lang='lat' dir='ltr'><strong>excesserat</strong></span> <span class='ocrx_word' id='word_1_69' title='bbox 416 1354 629 1420; x_wconf 79' lang='lat' dir='ltr'><strong>humanitatis</strong></span> <span class='ocrx_word' id='word_1_70' title='bbox 649 1355 796 1418; x_wconf 87' lang='lat' dir='ltr'><strong>modum.</strong></span> <span class='ocrx_word' id='word_1_71' title='bbox 829 1355 1037 1420; x_wconf 89' lang='lat' dir='ltr'><strong>Dissentiens</strong></span> <span class='ocrx_word' id='word_1_72' title='bbox 1052 1357 1085 1420; x_wconf 93' lang='lat' dir='ltr'><strong>in</strong></span> <span class='ocrx_word' id='word_1_73' title='bbox 1101 1355 1235 1420; x_wconf 86' lang='lat' dir='ltr'><strong>Curiae</strong></span> <span class='ocrx_word' id='word_1_74' title='bbox 1249 1355 1296 1433; x_wconf 85' lang='lat' dir='ltr'><strong>Q.</strong></span> 
     </span>
     <span class='ocr_line' id='line_1_11' title="bbox 211 1453 1294 1541; baseline 0.004 -25"><span class='ocrx_word' id='word_1_75' title='bbox 211 1453 384 1530; x_wconf 54' lang='lat' dir='ltr'><strong>Haterius</strong></span> <span class='ocrx_word' id='word_1_76' title='bbox 407 1454 613 1536; x_wconf 64' lang='lat' dir='ltr'><strong>‘ignoscas&#39;</strong></span> <span class='ocrx_word' id='word_1_77' title='bbox 634 1458 752 1539; x_wconf 87' lang='lat' dir='ltr'><strong>inquit,</strong></span> <span class='ocrx_word' id='word_1_78' title='bbox 775 1465 889 1540; x_wconf 63' lang='lat' dir='ltr'><strong>‘roge</strong></span> <span class='ocrx_word' id='word_1_79' title='bbox 912 1458 1037 1541; x_wconf 86' lang='lat' dir='ltr'><strong>siquid</strong></span> <span class='ocrx_word' id='word_1_80' title='bbox 1061 1457 1223 1522; x_wconf 90' lang='lat' dir='ltr'><strong>adversus</strong></span> <span class='ocrx_word' id='word_1_81' title='bbox 1238 1466 1294 1521; x_wconf 90' lang='lat' dir='ltr'><strong>te¹</strong></span> 
     </span>
     <span class='ocr_line' id='line_1_12' title="bbox 171 1552 1296 1642; baseline 0.007 -28"><span class='ocrx_word' id='word_1_82' title='bbox 171 1633 178 1642; x_wconf 33' lang='grc'>,</span> <span class='ocrx_word' id='word_1_83' title='bbox 210 1552 358 1632; x_wconf 85' lang='lat' dir='ltr'><strong>liberius,</strong></span> <span class='ocrx_word' id='word_1_84' title='bbox 374 1556 462 1619; x_wconf 90' lang='lat' dir='ltr'><strong>sient</strong></span> <span class='ocrx_word' id='word_1_85' title='bbox 475 1557 627 1633; x_wconf 81' lang='lat' dir='ltr'><strong>Senator,</strong></span> <span class='ocrx_word' id='word_1_86' title='bbox 639 1557 795 1622; x_wconf 82' lang='lat' dir='ltr'><strong>dixero.&#39;¹¹</strong></span> <span class='ocrx_word' id='word_1_87' title='bbox 840 1557 885 1622; x_wconf 90' lang='lat' dir='ltr'><strong>Et</strong></span> <span class='ocrx_word' id='word_1_88' title='bbox 895 1558 970 1623; x_wconf 90' lang='lat' dir='ltr'><strong>inde</strong></span> <span class='ocrx_word' id='word_1_89' title='bbox 982 1577 1095 1622; x_wconf 88' lang='lat' dir='ltr'><strong>omnes</strong></span> <span class='ocrx_word' id='word_1_90' title='bbox 1105 1559 1296 1640; x_wconf 79' lang='lat' dir='ltr'><strong>alloquens:</strong></span> 
     </span>
     <span class='ocr_line' id='line_1_13' title="bbox 210 1651 1297 1740; baseline 0.007 -26"><span class='ocrx_word' id='word_1_91' title='bbox 210 1651 337 1716; x_wconf 75' lang='lat' dir='ltr'><strong>‘Dixi2</strong></span> <span class='ocrx_word' id='word_1_92' title='bbox 360 1661 393 1718; x_wconf 90' lang='lat' dir='ltr'><strong>et</strong></span> <span class='ocrx_word' id='word_1_93' title='bbox 413 1677 507 1732; x_wconf 89' lang='lat' dir='ltr'><strong>nunc,</strong></span> <span class='ocrx_word' id='word_1_94' title='bbox 529 1665 563 1722; x_wconf 90' lang='lat' dir='ltr'><strong>et</strong></span> <span class='ocrx_word' id='word_1_95' title='bbox 576 1677 668 1740; x_wconf 85' lang='lat' dir='ltr'><strong>saepe</strong></span> <span class='ocrx_word' id='word_1_96' title='bbox 689 1659 786 1736; x_wconf 81' lang='lat' dir='ltr'><strong>alies,</strong></span> <span class='ocrx_word' id='word_1_97' title='bbox 800 1659 843 1724; x_wconf 89' lang='lat' dir='ltr'><strong>P.</strong></span> <span class='ocrx_word' id='word_1_98' title='bbox 857 1659 909 1737; x_wconf 80' lang='grc'><strong>0.,</strong></span> <span class='ocrx_word' id='word_1_99' title='bbox 922 1661 1045 1724; x_wconf 90' lang='lat' dir='ltr'><strong>bonum</strong></span> <span class='ocrx_word' id='word_1_100' title='bbox 1065 1667 1099 1724; x_wconf 92' lang='lat' dir='ltr'><strong>et</strong></span> <span class='ocrx_word' id='word_1_101' title='bbox 1118 1661 1297 1723; x_wconf 86' lang='lat' dir='ltr'><strong>salutarem</strong></span> 
     </span>
     <span class='ocr_line' id='line_1_14' title="bbox 211 1753 1298 1843; baseline 0.007 -27"><span class='ocrx_word' id='word_1_102' title='bbox 211 1753 409 1838; x_wconf 87' lang='lat' dir='ltr'><strong>Principem,</strong></span> <span class='ocrx_word' id='word_1_103' title='bbox 425 1776 521 1840; x_wconf 91' lang='lat' dir='ltr'><strong>quem</strong></span> <span class='ocrx_word' id='word_1_104' title='bbox 535 1778 596 1822; x_wconf 86' lang='lat' dir='ltr'><strong>vos</strong></span> <span class='ocrx_word' id='word_1_105' title='bbox 610 1765 703 1823; x_wconf 87' lang='lat' dir='ltr'><strong>tanta</strong></span> <span class='ocrx_word' id='word_1_106' title='bbox 717 1770 753 1824; x_wconf 90' lang='lat' dir='ltr'><strong>et</strong></span> <span class='ocrx_word' id='word_1_107' title='bbox 768 1768 835 1824; x_wconf 85' lang='lat' dir='ltr'><strong>tarn</strong></span> <span class='ocrx_word' id='word_1_108' title='bbox 849 1761 952 1826; x_wconf 88' lang='lat' dir='ltr'><strong>libera</strong></span> <span class='ocrx_word' id='word_1_109' title='bbox 966 1767 1132 1843; x_wconf 85' lang='lat' dir='ltr'><strong>potestate</strong></span> <span class='ocrx_word' id='word_1_110' title='bbox 1153 1762 1298 1825; x_wconf 83' lang='lat' dir='ltr'><strong>instrux-</strong></span> 
     </span>
     <span class='ocr_line' id='line_1_15' title="bbox 210 1855 1297 1945; baseline 0.006 -28"><span class='ocrx_word' id='word_1_111' title='bbox 210 1855 297 1932; x_wconf 87' lang='lat' dir='ltr'><strong>istis,</strong></span> <span class='ocrx_word' id='word_1_112' title='bbox 323 1858 459 1922; x_wconf 87' lang='lat' dir='ltr'><strong>Senatui</strong></span> <span class='ocrx_word' id='word_1_113' title='bbox 485 1861 610 1924; x_wconf 86' lang='lat' dir='ltr'><strong>servire</strong></span> <span class='ocrx_word' id='word_1_114' title='bbox 637 1859 769 1938; x_wconf 88' lang='lat' dir='ltr'><strong>debere,</strong></span> <span class='ocrx_word' id='word_1_115' title='bbox 797 1867 830 1924; x_wconf 93' lang='lat' dir='ltr'><strong>et</strong></span> <span class='ocrx_word' id='word_1_116' title='bbox 852 1861 1014 1925; x_wconf 88' lang='lat' dir='ltr'><strong>universis</strong></span> <span class='ocrx_word' id='word_1_117' title='bbox 1038 1863 1169 1926; x_wconf 84' lang='lat' dir='ltr'><strong>civibus</strong></span> <span class='ocrx_word' id='word_1_118' title='bbox 1194 1881 1297 1945; x_wconf 77' lang='lat' dir='ltr'><strong>saepe,</strong></span> 
     </span>
     <span class='ocr_line' id='line_1_16' title="bbox 210 1957 1298 2046; baseline 0.006 -28"><span class='ocrx_word' id='word_1_119' title='bbox 210 1962 242 2019; x_wconf 86' lang='lat' dir='ltr'><strong>et</strong></span> <span class='ocrx_word' id='word_1_120' title='bbox 255 1957 448 2042; x_wconf 89' lang='lat' dir='ltr'><strong>plemmque</strong></span> <span class='ocrx_word' id='word_1_121' title='bbox 461 1961 562 2024; x_wconf 89' lang='lat' dir='ltr'><strong>etiam</strong></span> <span class='ocrx_word' id='word_1_122' title='bbox 578 1961 717 2044; x_wconf 75' lang='lat' dir='ltr'><strong>singulis</strong></span> <span class='ocrx_word' id='word_1_123' title='bbox 733 1984 740 2022; x_wconf 91' lang='lat'>:</span> <span class='ocrx_word' id='word_1_124' title='bbox 763 1967 889 2046; x_wconf 78' lang='lat' dir='ltr'><strong>neque³</strong></span> <span class='ocrx_word' id='word_1_125' title='bbox 913 1963 947 2026; x_wconf 94' lang='lat' dir='ltr'><strong>id</strong></span> <span class='ocrx_word' id='word_1_126' title='bbox 962 1962 1092 2027; x_wconf 83' lang='lat' dir='ltr'><strong>dixisse</strong></span> <span class='ocrx_word' id='word_1_127' title='bbox 1112 1983 1165 2027; x_wconf 90' lang='lat' dir='ltr'><strong>me</strong></span> <span class='ocrx_word' id='word_1_128' title='bbox 1187 1963 1298 2046; x_wconf 89' lang='lat' dir='ltr'><strong>poeni·</strong></span> 
     </span>
    </p>
   </div>
   <div class='ocr_carea' id='block_1_5' title="bbox 667 2125 848 2146">
    <p class='ocr_par' dir='ltr' id='par_1_5' title="bbox 667 2125 848 2146">
     <span class='ocr_line' id='line_1_17' title="bbox 667 2125 848 2146; baseline 0.011 -2"><span class='ocrx_word' id='word_1_129' title='bbox 667 2125 848 2146; x_wconf 61' lang='lat' dir='ltr'><strong>nonomen</strong></span> 
     </span>
    </p>
   </div>
   <div class='ocr_carea' id='block_1_6' title="bbox 209 2233 1300 3259">
    <p class='ocr_par' dir='ltr' id='par_1_6' title="bbox 209 2233 1300 3259">
     <span class='ocr_line' id='line_1_18' title="bbox 211 2233 1296 2304; baseline 0.005 -21"><span class='ocrx_word' id='word_1_130' title='bbox 211 2233 261 2283; x_wconf 79' lang='lat' dir='ltr'><strong>sd.</strong></span> <span class='ocrx_word' id='word_1_131' title='bbox 273 2242 339 2296; x_wconf 84' lang='lat' dir='ltr'><strong>pest.</strong></span> <span class='ocrx_word' id='word_1_132' title='bbox 349 2233 421 2298; x_wconf 83' lang='lat' dir='ltr'><strong>qttssi</strong></span> <span class='ocrx_word' id='word_1_133' title='bbox 437 2250 468 2284; x_wconf 88' lang='lat' dir='ltr'><strong>ex</strong></span> <span class='ocrx_word' id='word_1_134' title='bbox 481 2237 586 2287; x_wconf 86' lang='lat' dir='ltr'><strong>Memm.</strong></span> <span class='ocrx_word' id='word_1_135' title='bbox 598 2237 680 2290; x_wconf 85' lang='lat' dir='ltr'><strong>edidit</strong></span> <span class='ocrx_word' id='word_1_136' title='bbox 691 2245 775 2289; x_wconf 78' lang='lat' dir='ltr'><strong>mats</strong></span> <span class='ocrx_word' id='word_1_137' title='bbox 787 2274 793 2289; x_wconf 95' lang='lat'><strong>.</strong></span> <span class='ocrx_word' id='word_1_138' title='bbox 803 2271 810 2286; x_wconf 91' lang='lat'><strong>.</strong></span> <span class='ocrx_word' id='word_1_139' title='bbox 819 2239 995 2304; x_wconf 49' lang='lat' dir='ltr'><strong>mugitum,</strong></span> <span class='ocrx_word' id='word_1_140' title='bbox 1017 2237 1062 2288; x_wconf 88' lang='lat' dir='ltr'><strong>sed</strong></span> <span class='ocrx_word' id='word_1_141' title='bbox 1080 2252 1112 2288; x_wconf 79' lang='lat' dir='ltr'><strong>ea</strong></span> <span class='ocrx_word' id='word_1_142' title='bbox 1128 2238 1218 2288; x_wconf 83' lang='lat' dir='ltr'><strong>eodem</strong></span> <span class='ocrx_word' id='word_1_143' title='bbox 1231 2240 1296 2289; x_wconf 76' lang='lat' dir='ltr'><strong>eet.</strong></span> 
     </span>
     <span class='ocr_line' id='line_1_19' title="bbox 210 2297 1298 2366; baseline 0.005 -19"><span class='ocrx_word' id='word_1_144' title='bbox 210 2297 291 2347; x_wconf 86' lang='lat' dir='ltr'><strong>Gran.</strong></span> <span class='ocrx_word' id='word_1_145' title='bbox 308 2300 380 2348; x_wconf 88' lang='lat' dir='ltr'><strong>dedit</strong></span> <span class='ocrx_word' id='word_1_146' title='bbox 390 2305 540 2350; x_wconf 68' lang='lat' dir='ltr'><strong>amisis...</strong></span> <span class='ocrx_word' id='word_1_147' title='bbox 604 2304 709 2353; x_wconf 81' lang='lat' dir='ltr'><strong>itestem.</strong></span> <span class='ocrx_word' id='word_1_148' title='bbox 735 2303 792 2352; x_wconf 83' lang='lat' dir='ltr'><strong>Vox</strong></span> <span class='ocrx_word' id='word_1_149' title='bbox 815 2305 901 2364; x_wconf 75' lang='lat' dir='ltr'><strong>eogsit.</strong></span> <span class='ocrx_word' id='word_1_150' title='bbox 919 2303 1061 2366; x_wconf 82' lang='lat' dir='ltr'><strong>deestCuj.</strong></span> <span class='ocrx_word' id='word_1_151' title='bbox 1089 2302 1211 2352; x_wconf 77' lang='lat' dir='ltr'><strong>tevine.</strong></span> <span class='ocrx_word' id='word_1_152' title='bbox 1227 2308 1250 2352; x_wconf 85' lang='lat' dir='ltr'><strong>t.</strong></span> <span class='ocrx_word' id='word_1_153' title='bbox 1268 2305 1298 2352; x_wconf 80' lang='lat' dir='ltr'><strong>de</strong></span> 
     </span>
     <span class='ocr_line' id='line_1_20' title="bbox 209 2361 1298 2430; baseline 0.003 -21"><span class='ocrx_word' id='word_1_154' title='bbox 209 2361 313 2422; x_wconf 58' lang='lat' dir='ltr'><strong>dudem</strong></span> <span class='ocrx_word' id='word_1_155' title='bbox 322 2364 519 2414; x_wconf 68' lang='lat' dir='ltr'><strong>servatrices—8</strong></span> <span class='ocrx_word' id='word_1_156' title='bbox 557 2373 629 2417; x_wconf 74' lang='lat' dir='ltr'><strong>enat.</strong></span> <span class='ocrx_word' id='word_1_157' title='bbox 646 2367 743 2416; x_wconf 81' lang='lat' dir='ltr'><strong>csditss</strong></span> <span class='ocrx_word' id='word_1_158' title='bbox 760 2381 823 2430; x_wconf 81' lang='lat' dir='ltr'><strong>aper.</strong></span> <span class='ocrx_word' id='word_1_159' title='bbox 841 2375 899 2416; x_wconf 87' lang='lat' dir='ltr'><strong>uter</strong></span> <span class='ocrx_word' id='word_1_160' title='bbox 917 2382 948 2416; x_wconf 82' lang='lat' dir='ltr'><strong>tre</strong></span> <span class='ocrx_word' id='word_1_161' title='bbox 965 2367 1049 2416; x_wconf 86' lang='lat' dir='ltr'><strong>Pnim.</strong></span> <span class='ocrx_word' id='word_1_162' title='bbox 1061 2367 1124 2416; x_wconf 91' lang='lat' dir='ltr'><strong>Ccd.</strong></span> <span class='ocrx_word' id='word_1_163' title='bbox 1155 2367 1225 2416; x_wconf 87' lang='lat' dir='ltr'><strong>Dein</strong></span> <span class='ocrx_word' id='word_1_164' title='bbox 1236 2381 1298 2429; x_wconf 80' lang='lat' dir='ltr'><strong>pm·</strong></span> 
     </span>
     <span class='ocr_line' id='line_1_21' title="bbox 211 2425 1299 2494; baseline 0.004 -20"><span class='ocrx_word' id='word_1_165' title='bbox 211 2432 302 2475; x_wconf 76' lang='lat' dir='ltr'><strong>testato</strong></span> <span class='ocrx_word' id='word_1_166' title='bbox 314 2427 409 2476; x_wconf 87' lang='lat' dir='ltr'><strong>Medic.</strong></span> <span class='ocrx_word' id='word_1_167' title='bbox 430 2433 453 2478; x_wconf 84' lang='lat' dir='ltr'><strong>i.</strong></span> <span class='ocrx_word' id='word_1_168' title='bbox 466 2433 490 2478; x_wconf 75' lang='lat'><strong>2.</strong></span> <span class='ocrx_word' id='word_1_169' title='bbox 500 2429 574 2478; x_wconf 86' lang='lat' dir='ltr'><strong>Voss.</strong></span> <span class='ocrx_word' id='word_1_170' title='bbox 586 2431 661 2481; x_wconf 83' lang='lat' dir='ltr'><strong>licis.</strong></span> <span class='ocrx_word' id='word_1_171' title='bbox 671 2431 738 2480; x_wconf 83' lang='lat' dir='ltr'><strong>Duo.</strong></span> <span class='ocrx_word' id='word_1_172' title='bbox 753 2437 898 2494; x_wconf 72' lang='lat' dir='ltr'><strong>praetextatas</strong></span> <span class='ocrx_word' id='word_1_173' title='bbox 937 2432 982 2480; x_wconf 87' lang='lat' dir='ltr'><strong>cis.</strong></span> <span class='ocrx_word' id='word_1_174' title='bbox 1007 2431 1092 2492; x_wconf 73' lang='lat' dir='ltr'><strong>Volgo</strong></span> <span class='ocrx_word' id='word_1_175' title='bbox 1104 2435 1231 2493; x_wconf 74' lang='lat' dir='ltr'><strong>pretextu.</strong></span> <span class='ocrx_word' id='word_1_176' title='bbox 1258 2425 1299 2479; x_wconf 75' lang='lat' dir='ltr'><strong>Cf.</strong></span> 
     </span>
     <span class='ocr_line' id='line_1_22' title="bbox 211 2489 1297 2558; baseline 0.003 -19"><span class='ocrx_word' id='word_1_177' title='bbox 211 2489 277 2539; x_wconf 72' lang='lat' dir='ltr'><strong>Ces.</strong></span> <span class='ocrx_word' id='word_1_178' title='bbox 288 2505 310 2540; x_wconf 88' lang='lat' dir='ltr'><strong>e.</strong></span> <span class='ocrx_word' id='word_1_179' title='bbox 319 2495 357 2539; x_wconf 78' lang='lat'><strong>3⁰.</strong></span> <span class='ocrx_word' id='word_1_180' title='bbox 383 2492 448 2541; x_wconf 85' lang='lat' dir='ltr'><strong>Dein</strong></span> <span class='ocrx_word' id='word_1_181' title='bbox 459 2495 490 2542; x_wconf 85' lang='lat' dir='ltr'><strong>cd</strong></span> <span class='ocrx_word' id='word_1_182' title='bbox 501 2508 543 2542; x_wconf 83' lang='lat' dir='ltr'><strong>nos</strong></span> <span class='ocrx_word' id='word_1_183' title='bbox 553 2503 650 2557; x_wconf 79' lang='lat' dir='ltr'><strong>praeter</strong></span> <span class='ocrx_word' id='word_1_184' title='bbox 658 2509 733 2544; x_wconf 86' lang='lat' dir='ltr'><strong>onum</strong></span> <span class='ocrx_word' id='word_1_185' title='bbox 741 2496 815 2543; x_wconf 78' lang='lat' dir='ltr'><strong>Torr.</strong></span> <span class='ocrx_word' id='word_1_186' title='bbox 826 2504 853 2544; x_wconf 91' lang='lat' dir='ltr'><strong>et</strong></span> <span class='ocrx_word' id='word_1_187' title='bbox 864 2495 939 2543; x_wconf 79' lang='lat' dir='ltr'><strong>linis.</strong></span> <span class='ocrx_word' id='word_1_188' title='bbox 950 2496 1011 2544; x_wconf 86' lang='lat' dir='ltr'><strong>dant</strong></span> <span class='ocrx_word' id='word_1_189' title='bbox 1024 2503 1131 2558; x_wconf 83' lang='lat' dir='ltr'><strong>uterque</strong></span> <span class='ocrx_word' id='word_1_190' title='bbox 1138 2494 1216 2542; x_wconf 79' lang='lat' dir='ltr'><strong>vine.</strong></span> <span class='ocrx_word' id='word_1_191' title='bbox 1225 2495 1297 2544; x_wconf 85' lang='lat' dir='ltr'><strong>Cart.</strong></span> 
     </span>
     <span class='ocr_line' id='line_1_23' title="bbox 210 2554 1297 2621; baseline 0.004 -20"><span class='ocrx_word' id='word_1_192' title='bbox 210 2566 267 2602; x_wconf 86' lang='lat' dir='ltr'><strong>enm</strong></span> <span class='ocrx_word' id='word_1_193' title='bbox 279 2554 346 2605; x_wconf 82' lang='lat' dir='ltr'><strong>Edd.</strong></span> <span class='ocrx_word' id='word_1_194' title='bbox 357 2555 429 2606; x_wconf 86' lang='lat' dir='ltr'><strong>iiom.</strong></span> <span class='ocrx_word' id='word_1_195' title='bbox 443 2557 511 2620; x_wconf 88' lang='lat' dir='ltr'><strong>quod</strong></span> <span class='ocrx_word' id='word_1_196' title='bbox 523 2559 589 2608; x_wconf 87' lang='lat' dir='ltr'><strong>bene</strong></span> <span class='ocrx_word' id='word_1_197' title='bbox 601 2572 723 2621; x_wconf 85' lang='lat' dir='ltr'><strong>recepere</strong></span> <span class='ocrx_word' id='word_1_198' title='bbox 735 2559 823 2609; x_wconf 84' lang='lat' dir='ltr'><strong>Burro.</strong></span> <span class='ocrx_word' id='word_1_199' title='bbox 833 2559 895 2607; x_wconf 82' lang='lat' dir='ltr'><strong>Ero.</strong></span> <span class='ocrx_word' id='word_1_200' title='bbox 907 2557 984 2608; x_wconf 81' lang='lat' dir='ltr'><strong>werf.</strong></span> <span class='ocrx_word' id='word_1_201' title='bbox 996 2567 1128 2620; x_wconf 71' lang='lat' dir='ltr'><strong>preeunte</strong></span> <span class='ocrx_word' id='word_1_202' title='bbox 1140 2559 1213 2607; x_wconf 79' lang='lat' dir='ltr'><strong>Torr.</strong></span> <span class='ocrx_word' id='word_1_203' title='bbox 1245 2558 1297 2606; x_wconf 80' lang='lat' dir='ltr'><strong>Atti</strong></span> 
     </span>
     <span class='ocr_line' id='line_1_24' title="bbox 209 2619 1297 2685; baseline 0.006 -21"><span class='ocrx_word' id='word_1_204' title='bbox 209 2619 240 2664; x_wconf 81' lang='lat' dir='ltr'><strong>ad</strong></span> <span class='ocrx_word' id='word_1_205' title='bbox 247 2633 296 2666; x_wconf 83' lang='lat' dir='ltr'><strong>eos.</strong></span> <span class='ocrx_word' id='word_1_206' title='bbox 311 2619 395 2682; x_wconf 85' lang='lat' dir='ltr'><strong>Supra</strong></span> <span class='ocrx_word' id='word_1_207' title='bbox 405 2621 539 2681; x_wconf 69' lang='lat' dir='ltr'><strong>prosilistis</strong></span> <span class='ocrx_word' id='word_1_208' title='bbox 548 2623 666 2672; x_wconf 77' lang='lat' dir='ltr'><strong>Perizon.</strong></span> <span class='ocrx_word' id='word_1_209' title='bbox 676 2623 744 2685; x_wconf 87' lang='lat' dir='ltr'><strong>conj.</strong></span> <span class='ocrx_word' id='word_1_210' title='bbox 754 2623 872 2672; x_wconf 75' lang='lat' dir='ltr'><strong>staec-tt</strong></span> <span class='ocrx_word' id='word_1_211' title='bbox 879 2622 949 2672; x_wconf 74' lang='lat' dir='ltr'><strong>Alter</strong></span> <span class='ocrx_word' id='word_1_212' title='bbox 959 2623 1061 2672; x_wconf 82' lang='lat' dir='ltr'><strong>volebat</strong></span> <span class='ocrx_word' id='word_1_213' title='bbox 1069 2637 1102 2672; x_wconf 84' lang='lat' dir='ltr'><strong>ex</strong></span> <span class='ocrx_word' id='word_1_214' title='bbox 1110 2622 1227 2672; x_wconf 85' lang='lat' dir='ltr'><strong>unoCed.</strong></span> <span class='ocrx_word' id='word_1_215' title='bbox 1236 2621 1297 2671; x_wconf 87' lang='lat' dir='ltr'><strong>Gla·</strong></span> 
     </span>
     <span class='ocr_line' id='line_1_25' title="bbox 211 2684 1298 2750; baseline 0.006 -22"><span class='ocrx_word' id='word_1_216' title='bbox 211 2693 280 2730; x_wconf 84' lang='lat' dir='ltr'><strong>rean.</strong></span> <span class='ocrx_word' id='word_1_217' title='bbox 292 2684 453 2734; x_wconf 84' lang='lat' dir='ltr'><strong>secedentib.</strong></span> <span class='ocrx_word' id='word_1_218' title='bbox 465 2685 548 2735; x_wconf 86' lang='lat' dir='ltr'><strong>Pnlm.</strong></span> <span class='ocrx_word' id='word_1_219' title='bbox 561 2687 625 2736; x_wconf 85' lang='lat' dir='ltr'><strong>Mas.</strong></span> <span class='ocrx_word' id='word_1_220' title='bbox 652 2687 716 2736; x_wconf 79' lang='lat' dir='ltr'><strong>Mes</strong></span> <span class='ocrx_word' id='word_1_221' title='bbox 726 2688 796 2735; x_wconf 84' lang='lat' dir='ltr'><strong>cdere</strong></span> <span class='ocrx_word' id='word_1_222' title='bbox 809 2687 933 2750; x_wconf 63' lang='lat' dir='ltr'><strong>Cui-iti</strong></span> <span class='ocrx_word' id='word_1_223' title='bbox 942 2689 1008 2736; x_wconf 77' lang='lat' dir='ltr'><strong>Adeo</strong></span> <span class='ocrx_word' id='word_1_224' title='bbox 1021 2688 1094 2736; x_wconf 81' lang='lat' dir='ltr'><strong>ituts.</strong></span> <span class='ocrx_word' id='word_1_225' title='bbox 1105 2702 1131 2736; x_wconf 83' lang='lat' dir='ltr'><strong>ee</strong></span> <span class='ocrx_word' id='word_1_226' title='bbox 1142 2687 1190 2734; x_wconf 76' lang='lat' dir='ltr'><strong>iac</strong></span> <span class='ocrx_word' id='word_1_227' title='bbox 1201 2685 1298 2736; x_wconf 86' lang='lat' dir='ltr'><strong>Medic.</strong></span> 
     </span>
     <span class='ocr_line' id='line_1_26' title="bbox 211 2746 1297 2827; baseline 0.004 -33"><span class='ocrx_word' id='word_1_228' title='bbox 211 2749 234 2794; x_wconf 91' lang='lat' dir='ltr'><strong>l.</strong></span> <span class='ocrx_word' id='word_1_229' title='bbox 261 2746 325 2795; x_wconf 86' lang='lat' dir='ltr'><strong>Tum</strong></span> <span class='ocrx_word' id='word_1_230' title='bbox 336 2752 360 2795; x_wconf 83' lang='lat' dir='ltr'><strong>et</strong></span> <span class='ocrx_word' id='word_1_231' title='bbox 368 2748 430 2810; x_wconf 76' lang='lat' dir='ltr'><strong>stag.</strong></span> <span class='ocrx_word' id='word_1_232' title='bbox 442 2748 523 2797; x_wconf 86' lang='lat' dir='ltr'><strong>edidit</strong></span> <span class='ocrx_word' id='word_1_233' title='bbox 535 2750 605 2800; x_wconf 89' lang='lat' dir='ltr'><strong>Oud.</strong></span> <span class='ocrx_word' id='word_1_234' title='bbox 617 2766 674 2800; x_wconf 85' lang='lat' dir='ltr'><strong>cum</strong></span> <span class='ocrx_word' id='word_1_235' title='bbox 687 2753 774 2800; x_wconf 80' lang='lat' dir='ltr'><strong>Burin.</strong></span> <span class='ocrx_word' id='word_1_236' title='bbox 785 2749 836 2799; x_wconf 86' lang='lat' dir='ltr'><strong>fide</strong></span> <span class='ocrx_word' id='word_1_237' title='bbox 849 2751 943 2800; x_wconf 86' lang='lat' dir='ltr'><strong>Medic.</strong></span> <span class='ocrx_word' id='word_1_238' title='bbox 954 2751 1063 2827; x_wconf 69' lang='lat' dir='ltr'><strong>vindi.</strong></span> <span class='ocrx_word' id='word_1_239' title='bbox 1075 2751 1139 2813; x_wconf 89' lang='lat' dir='ltr'><strong>Cop.</strong></span> <span class='ocrx_word' id='word_1_240' title='bbox 1153 2749 1209 2812; x_wconf 82' lang='lat' dir='ltr'><strong>ch.</strong></span> <span class='ocrx_word' id='word_1_241' title='bbox 1221 2749 1297 2798; x_wconf 88' lang='lat' dir='ltr'><strong>Voss.</strong></span> 
     </span>
     <span class='ocr_line' id='line_1_27' title="bbox 209 2811 1299 2940; baseline 0.006 -20"><span class='ocrx_word' id='word_1_242' title='bbox 209 2811 1299 2940; x_wconf 58' lang='lat' dir='ltr'><strong>titt:itiittttf&#39;ttittet&#39;tsiiriitfitistiittzt‘ttt</strong></span> 
     </span>
     <span class='ocr_line' id='line_1_28' title="bbox 209 2936 1300 3004; baseline 0.005 -19"><span class='ocrx_word' id='word_1_243' title='bbox 209 2936 269 2986; x_wconf 85' lang='lat' dir='ltr'><strong>iem.</strong></span> <span class='ocrx_word' id='word_1_244' title='bbox 278 2938 357 2987; x_wconf 80' lang='lat' dir='ltr'><strong>Vind.</strong></span> <span class='ocrx_word' id='word_1_245' title='bbox 376 2939 447 2989; x_wconf 78' lang='lat' dir='ltr'><strong>Ceri.</strong></span> <span class='ocrx_word' id='word_1_246' title='bbox 464 2949 491 2990; x_wconf 83' lang='lat' dir='ltr'><strong>et</strong></span> <span class='ocrx_word' id='word_1_247' title='bbox 502 2941 568 2992; x_wconf 81' lang='lat' dir='ltr'><strong>Edd.</strong></span> <span class='ocrx_word' id='word_1_248' title='bbox 579 2942 653 2990; x_wconf 85' lang='lat' dir='ltr'><strong>Vett.</strong></span> <span class='ocrx_word' id='word_1_249' title='bbox 664 2950 761 3004; x_wconf 79' lang='lat' dir='ltr'><strong>praeter</strong></span> <span class='ocrx_word' id='word_1_250' title='bbox 771 2943 832 2992; x_wconf 82' lang='lat' dir='ltr'><strong>Bas.</strong></span> <span class='ocrx_word' id='word_1_251' title='bbox 843 2941 944 3004; x_wconf 76' lang='lat' dir='ltr'><strong>Grypo.</strong></span> <span class='ocrx_word' id='word_1_252' title='bbox 956 2948 983 2994; x_wconf 84' lang='lat' dir='ltr'><strong>et</strong></span> <span class='ocrx_word' id='word_1_253' title='bbox 994 2946 1153 2990; x_wconf 60' lang='lat' dir='ltr'><strong>recente-‘a</strong></span> <span class='ocrx_word' id='word_1_254' title='bbox 1170 2941 1212 2990; x_wconf 89' lang='lat' dir='ltr'><strong>its</strong></span> <span class='ocrx_word' id='word_1_255' title='bbox 1228 2943 1300 2990; x_wconf 86' lang='lat' dir='ltr'><strong>exiri·</strong></span> 
     </span>
     <span class='ocr_line' id='line_1_29' title="bbox 211 2999 1298 3069; baseline 0.004 -21"><span class='ocrx_word' id='word_1_256' title='bbox 211 2999 272 3048; x_wconf 86' lang='lat' dir='ltr'><strong>beat</strong></span> <span class='ocrx_word' id='word_1_257' title='bbox 283 3003 373 3063; x_wconf 82' lang='lat' dir='ltr'><strong>steph.</strong></span> <span class='ocrx_word' id='word_1_258' title='bbox 381 3003 454 3050; x_wconf 74' lang='lat' dir='ltr'><strong>Tcrr.</strong></span> <span class='ocrx_word' id='word_1_259' title='bbox 465 3004 575 3054; x_wconf 82' lang='lat' dir='ltr'><strong>casaub.</strong></span> <span class='ocrx_word' id='word_1_260' title='bbox 587 3013 613 3053; x_wconf 84' lang='lat' dir='ltr'><strong>et</strong></span> <span class='ocrx_word' id='word_1_261' title='bbox 624 3021 651 3054; x_wconf 88' lang='lat' dir='ltr'><strong>se</strong></span> <span class='ocrx_word' id='word_1_262' title='bbox 670 3020 695 3067; x_wconf 83' lang='lat' dir='ltr'><strong>q.</strong></span> <span class='ocrx_word' id='word_1_263' title='bbox 708 3015 736 3054; x_wconf 86' lang='lat' dir='ltr'><strong>nt</strong></span> <span class='ocrx_word' id='word_1_264' title='bbox 748 3007 864 3069; x_wconf 71' lang='lat' dir='ltr'><strong>prebent</strong></span> <span class='ocrx_word' id='word_1_265' title='bbox 875 3007 980 3054; x_wconf 84' lang='lat' dir='ltr'><strong>Memor.</strong></span> <span class='ocrx_word' id='word_1_266' title='bbox 992 3004 1200 3067; x_wconf 83' lang='lat' dir='ltr'><strong>Medicei,vtnd.</strong></span> <span class='ocrx_word' id='word_1_267' title='bbox 1212 3011 1298 3067; x_wconf 85' lang='lat' dir='ltr'><strong>uterq.</strong></span> 
     </span>
     <span class='ocr_line' id='line_1_30' title="bbox 209 3064 1299 3118; baseline 0.005 -7"><span class='ocrx_word' id='word_1_268' title='bbox 209 3064 274 3110; x_wconf 75' lang='lat' dir='ltr'><strong>dixit</strong></span> <span class='ocrx_word' id='word_1_269' title='bbox 284 3080 344 3113; x_wconf 77' lang='lat' dir='ltr'><strong>sesto</strong></span> <span class='ocrx_word' id='word_1_270' title='bbox 354 3070 377 3114; x_wconf 82' lang='lat' dir='ltr'><strong>et</strong></span> <span class='ocrx_word' id='word_1_271' title='bbox 389 3067 474 3114; x_wconf 71' lang='lat' dir='ltr'><strong>Perit.</strong></span> <span class='ocrx_word' id='word_1_272' title='bbox 488 3067 602 3117; x_wconf 86' lang='lat' dir='ltr'><strong>Hsrlent.</strong></span> <span class='ocrx_word' id='word_1_273' title='bbox 610 3069 650 3118; x_wconf 82' lang='lat' dir='ltr'><strong>Ed</strong></span> <span class='ocrx_word' id='word_1_274' title='bbox 671 3069 783 3118; x_wconf 82' lang='lat' dir='ltr'><strong>.Ssbeli.</strong></span> <span class='ocrx_word' id='word_1_275' title='bbox 794 3068 865 3118; x_wconf 86' lang='lat' dir='ltr'><strong>Med.</strong></span> <span class='ocrx_word' id='word_1_276' title='bbox 873 3069 946 3118; x_wconf 82' lang='lat' dir='ltr'><strong>Cald.</strong></span> <span class='ocrx_word' id='word_1_277' title='bbox 966 3069 999 3118; x_wconf 86' lang='lat' dir='ltr'><strong>sl.</strong></span> <span class='ocrx_word' id='word_1_278' title='bbox 1010 3068 1084 3118; x_wconf 73' lang='lat' dir='ltr'><strong>stete.</strong></span> <span class='ocrx_word' id='word_1_279' title='bbox 1110 3069 1143 3118; x_wconf 79' lang='lat' dir='ltr'><strong>Et</strong></span> <span class='ocrx_word' id='word_1_280' title='bbox 1154 3082 1215 3116; x_wconf 77' lang='lat' dir='ltr'><strong>asse</strong></span> <span class='ocrx_word' id='word_1_281' title='bbox 1227 3069 1299 3116; x_wconf 80' lang='lat' dir='ltr'><strong>Cort-</strong></span> 
     </span>
     <span class='ocr_line' id='line_1_31' title="bbox 210 3126 1299 3195; baseline 0.004 -21"><span class='ocrx_word' id='word_1_282' title='bbox 210 3126 276 3175; x_wconf 84' lang='lat' dir='ltr'><strong>Edd.</strong></span> <span class='ocrx_word' id='word_1_283' title='bbox 290 3127 366 3176; x_wconf 86' lang='lat' dir='ltr'><strong>Rom.</strong></span> <span class='ocrx_word' id='word_1_284' title='bbox 377 3129 526 3193; x_wconf 77' lang='lat' dir='ltr'><strong>Csnnegirt.</strong></span> <span class='ocrx_word' id='word_1_285' title='bbox 537 3130 563 3179; x_wconf 90' lang='lat' dir='ltr'><strong>in</strong></span> <span class='ocrx_word' id='word_1_286' title='bbox 575 3132 650 3182; x_wconf 85' lang='lat' dir='ltr'><strong>Mite.</strong></span> <span class='ocrx_word' id='word_1_287' title='bbox 661 3133 726 3183; x_wconf 78' lang='lat' dir='ltr'><strong>obs.</strong></span> <span class='ocrx_word' id='word_1_288' title='bbox 738 3134 788 3182; x_wconf 81' lang='lat' dir='ltr'><strong>sol.</strong></span> <span class='ocrx_word' id='word_1_289' title='bbox 802 3146 840 3181; x_wconf 86' lang='lat' dir='ltr'><strong>vt.</strong></span> <span class='ocrx_word' id='word_1_290' title='bbox 853 3148 879 3195; x_wconf 88' lang='lat' dir='ltr'><strong>p.</strong></span> <span class='ocrx_word' id='word_1_291' title='bbox 888 3135 945 3183; x_wconf 73' lang='grc'><strong>603.</strong></span> <span class='ocrx_word' id='word_1_292' title='bbox 959 3133 1027 3193; x_wconf 89' lang='lat' dir='ltr'><strong>conj.</strong></span> <span class='ocrx_word' id='word_1_293' title='bbox 1039 3133 1090 3179; x_wconf 79' lang='lat' dir='ltr'><strong>dics</strong></span> <span class='ocrx_word' id='word_1_294' title='bbox 1101 3137 1123 3178; x_wconf 85' lang='lat' dir='ltr'><strong>et</strong></span> <span class='ocrx_word' id='word_1_295' title='bbox 1135 3146 1204 3191; x_wconf 76' lang='lat' dir='ltr'><strong>aesc,</strong></span> <span class='ocrx_word' id='word_1_296' title='bbox 1215 3136 1237 3178; x_wconf 85' lang='lat' dir='ltr'><strong>et</strong></span> <span class='ocrx_word' id='word_1_297' title='bbox 1245 3131 1299 3178; x_wconf 77' lang='lat' dir='ltr'><strong>dixi</strong></span> 
     </span>
     <span class='ocr_line' id='line_1_32' title="bbox 209 3191 1299 3259; baseline 0.002 -20"><span class='ocrx_word' id='word_1_298' title='bbox 209 3203 270 3252; x_wconf 82' lang='lat' dir='ltr'><strong>soepe</strong></span> <span class='ocrx_word' id='word_1_299' title='bbox 287 3193 366 3241; x_wconf 72' lang='lat' dir='ltr'><strong>tat—8</strong></span> <span class='ocrx_word' id='word_1_300' title='bbox 383 3191 468 3255; x_wconf 76' lang='lat' dir='ltr'><strong>Meque</strong></span> <span class='ocrx_word' id='word_1_301' title='bbox 486 3193 512 3242; x_wconf 84' lang='lat' dir='ltr'><strong>id</strong></span> <span class='ocrx_word' id='word_1_302' title='bbox 529 3194 626 3244; x_wconf 82' lang='lat' dir='ltr'><strong>Medic.</strong></span> <span class='ocrx_word' id='word_1_303' title='bbox 639 3198 664 3243; x_wconf 75' lang='lat'><strong>2.</strong></span> <span class='ocrx_word' id='word_1_304' title='bbox 681 3197 759 3246; x_wconf 82' lang='lat' dir='ltr'><strong>Fons.</strong></span> <span class='ocrx_word' id='word_1_305' title='bbox 777 3197 846 3246; x_wconf 85' lang='lat' dir='ltr'><strong>Duo.</strong></span> <span class='ocrx_word' id='word_1_306' title='bbox 864 3196 889 3245; x_wconf 89' lang='lat' dir='ltr'><strong>tn</strong></span> <span class='ocrx_word' id='word_1_307' title='bbox 908 3194 999 3259; x_wconf 82' lang='lat' dir='ltr'><strong>quibus</strong></span> <span class='ocrx_word' id='word_1_308' title='bbox 1021 3195 1097 3244; x_wconf 82' lang='lat' dir='ltr'><strong>etiem</strong></span> <span class='ocrx_word' id='word_1_309' title='bbox 1119 3201 1147 3244; x_wconf 86' lang='lat' dir='ltr'><strong>et</strong></span> <span class='ocrx_word' id='word_1_310' title='bbox 1170 3193 1265 3243; x_wconf 86' lang='lat' dir='ltr'><strong>Medic.</strong></span> <span class='ocrx_word' id='word_1_311' title='bbox 1276 3199 1299 3242; x_wconf 91' lang='lat' dir='ltr'><strong>t.</strong></span> 
     </span>
    </p>
   </div>
   <div class='ocr_carea' id='block_1_7' title="bbox 699 3357 808 3408">
    <p class='ocr_par' dir='ltr' id='par_1_7' title="bbox 699 3357 808 3408">
     <span class='ocr_line' id='line_1_33' title="bbox 699 3357 808 3408; baseline -0.018 0"><span class='ocrx_word' id='word_1_312' title='bbox 699 3357 808 3408; x_wconf 81' lang='lat' dir='ltr'>NOTAE</span> 
     </span>
    </p>
   </div>
   <div class='ocr_carea' id='block_1_8' title="bbox 204 3464 1301 4278">
    <p class='ocr_par' dir='ltr' id='par_1_8' title="bbox 204 3464 1301 4278">
     <span class='ocr_line' id='line_1_34' title="bbox 204 3464 1298 3533; baseline 0.005 -20"><span class='ocrx_word' id='word_1_313' title='bbox 204 3509 207 3513; x_wconf 89' lang='lat'><strong>.</strong></span> <span class='ocrx_word' id='word_1_314' title='bbox 241 3465 735 3531; x_wconf 72' lang='lat' dir='ltr'><strong>trimesesesrmJttoeestzsttmne</strong></span> <span class='ocrx_word' id='word_1_315' title='bbox 775 3481 913 3533; x_wconf 84' lang='lat' dir='ltr'><strong>qnosoprs</strong></span> <span class='ocrx_word' id='word_1_316' title='bbox 930 3473 1023 3531; x_wconf 74' lang='lat' dir='ltr'><strong>capt.</strong></span> <span class='ocrx_word' id='word_1_317' title='bbox 1054 3464 1266 3516; x_wconf 75' lang='lat' dir='ltr'><strong>Tacitasrlunsi.</strong></span> <span class='ocrx_word' id='word_1_318' title='bbox 1280 3481 1298 3518; x_wconf 89' lang='lat' dir='ltr'><strong>r.</strong></span> 
     </span>
     <span class='ocr_line' id='line_1_35' title="bbox 209 3541 1300 3608; baseline 0.001 -19"><span class='ocrx_word' id='word_1_319' title='bbox 209 3541 365 3591; x_wconf 84' lang='lat' dir='ltr'><strong>delatoribus</strong></span> <span class='ocrx_word' id='word_1_320' title='bbox 376 3543 473 3594; x_wconf 76' lang='lat' dir='ltr'><strong>editum</strong></span> <span class='ocrx_word' id='word_1_321' title='bbox 485 3545 668 3607; x_wconf 77' lang='lat' dir='ltr'><strong>patefeceritis.</strong></span> <span class='ocrx_word' id='word_1_322' title='bbox 692 3547 735 3597; x_wconf 85' lang='lat' dir='ltr'><strong>Sic</strong></span> <span class='ocrx_word' id='word_1_323' title='bbox 775 3545 959 3608; x_wconf 76' lang='lat' dir='ltr'><strong>‘suspicacem</strong></span> <span class='ocrx_word' id='word_1_324' title='bbox 982 3543 1092 3592; x_wconf 77' lang='lat' dir='ltr'><strong>animuin</strong></span> <span class='ocrx_word' id='word_1_325' title='bbox 1114 3541 1300 3604; x_wconf 85' lang='lat' dir='ltr'><strong>perstrinxere.</strong></span> 
     </span>
     <span class='ocr_line' id='line_1_36' title="bbox 211 3616 1299 3684; baseline 0.001 -22"><span class='ocrx_word' id='word_1_326' title='bbox 211 3621 240 3663; x_wconf 88' lang='lat' dir='ltr'><strong>et</strong></span> <span class='ocrx_word' id='word_1_327' title='bbox 258 3616 408 3666; x_wconf 80' lang='lat' dir='ltr'><strong>Terentius:</strong></span> <span class='ocrx_word' id='word_1_328' title='bbox 425 3617 495 3668; x_wconf 83' lang='lat' dir='ltr'><strong>‘lini</strong></span> <span class='ocrx_word' id='word_1_329' title='bbox 510 3628 630 3684; x_wconf 78' lang='lat' dir='ltr'><strong>quantem</strong></span> <span class='ocrx_word' id='word_1_330' title='bbox 651 3620 735 3671; x_wconf 80' lang='lat' dir='ltr'><strong>senes·</strong></span> <span class='ocrx_word' id='word_1_331' title='bbox 775 3619 901 3669; x_wconf 76' lang='lat' dir='ltr'><strong>Haterius</strong></span> <span class='ocrx_word' id='word_1_332' title='bbox 909 3632 966 3667; x_wconf 86' lang='lat' dir='ltr'><strong>cnm</strong></span> <span class='ocrx_word' id='word_1_333' title='bbox 974 3617 1091 3678; x_wconf 81' lang='lat' dir='ltr'><strong>dixisset,</strong></span> <span class='ocrx_word' id='word_1_334' title='bbox 1104 3617 1243 3680; x_wconf 75' lang='lat' dir='ltr'><strong>Quotusqtse</strong></span> <span class='ocrx_word' id='word_1_335' title='bbox 1257 3631 1299 3678; x_wconf 86' lang='lat' dir='ltr'><strong>ps-</strong></span> 
     </span>
     <span class='ocr_line' id='line_1_37' title="bbox 211 3690 1298 3757; baseline 0.001 -19"><span class='ocrx_word' id='word_1_336' title='bbox 211 3697 275 3738; x_wconf 81' lang='lat' dir='ltr'><strong>trsm</strong></span> <span class='ocrx_word' id='word_1_337' title='bbox 286 3690 318 3737; x_wconf 80' lang='lat' dir='ltr'><strong>ad</strong></span> <span class='ocrx_word' id='word_1_338' title='bbox 329 3693 468 3754; x_wconf 80' lang='lat' dir='ltr'><strong>nequitiam</strong></span> <span class='ocrx_word' id='word_1_339' title='bbox 479 3695 652 3757; x_wconf 67' lang='lat' dir='ltr'><strong>patefeceris!</strong></span> <span class='ocrx_word' id='word_1_340' title='bbox 776 3695 857 3757; x_wconf 87' lang='lat' dir='ltr'><strong>tieris,</strong></span> <span class='ocrx_word' id='word_1_341' title='bbox 867 3695 962 3755; x_wconf 64' lang='lat' dir='ltr'><strong>Cesar,</strong></span> <span class='ocrx_word' id='word_1_342' title='bbox 981 3707 1032 3743; x_wconf 85' lang='lat' dir='ltr'><strong>noo</strong></span> <span class='ocrx_word' id='word_1_343' title='bbox 1045 3692 1135 3742; x_wconf 82' lang='lat' dir='ltr'><strong>adesse</strong></span> <span class='ocrx_word' id='word_1_344' title='bbox 1146 3699 1226 3755; x_wconf 75' lang='lat' dir='ltr'><strong>capnt</strong></span> <span class='ocrx_word' id='word_1_345' title='bbox 1237 3691 1298 3739; x_wconf 86' lang='lat' dir='ltr'><strong>Rei-</strong></span> 
     </span>
     <span class='ocr_line' id='line_1_38' title="bbox 243 3761 1299 3835; baseline 0.005 -24"><span class='ocrx_word' id='word_1_346' title='bbox 243 3761 255 3794; x_wconf 73' lang='lat'><em>¹</em></span> <span class='ocrx_word' id='word_1_347' title='bbox 277 3765 389 3813; x_wconf 68' lang='lat' dir='ltr'><strong>omisisse</strong></span> <span class='ocrx_word' id='word_1_348' title='bbox 406 3767 549 3834; x_wconf 71' lang='lat' dir='ltr'><strong>inimicitia]</strong></span> <span class='ocrx_word' id='word_1_349' title='bbox 576 3771 640 3820; x_wconf 82' lang='lat' dir='ltr'><strong>Corn</strong></span> <span class='ocrx_word' id='word_1_350' title='bbox 662 3785 736 3822; x_wconf 84' lang='lat' dir='ltr'><strong>snum</strong></span> <span class='ocrx_word' id='word_1_351' title='bbox 776 3771 903 3835; x_wconf 69' lang='lat' dir='ltr'><strong>publicet</strong></span> <span class='ocrx_word' id='word_1_352' title='bbox 918 3771 1027 3819; x_wconf 85' lang='lat' dir='ltr'><strong>Scsarns</strong></span> <span class='ocrx_word' id='word_1_353' title='bbox 1038 3769 1107 3833; x_wconf 83' lang='lat' dir='ltr'><strong>qaia,</strong></span> <span class='ocrx_word' id='word_1_354' title='bbox 1117 3771 1166 3818; x_wconf 73' lang='lat' dir='ltr'><strong>tre.</strong></span> <span class='ocrx_word' id='word_1_355' title='bbox 1179 3768 1204 3815; x_wconf 86' lang='lat' dir='ltr'><strong>ia</strong></span> <span class='ocrx_word' id='word_1_356' title='bbox 1217 3767 1299 3816; x_wconf 84' lang='lat' dir='ltr'><strong>liste-</strong></span> 
     </span>
     <span class='ocr_line' id='line_1_39' title="bbox 211 3837 1299 3901; baseline 0.003 -16"><span class='ocrx_word' id='word_1_357' title='bbox 211 3837 294 3901; x_wconf 79' lang='lat' dir='ltr'><strong>quivis</strong></span> <span class='ocrx_word' id='word_1_358' title='bbox 305 3837 434 3888; x_wconf 82' lang='lat' dir='ltr'><strong>inimicum</strong></span> <span class='ocrx_word' id='word_1_359' title='bbox 446 3841 576 3893; x_wconf 76' lang='lat' dir='ltr'><strong>deleturus</strong></span> <span class='ocrx_word' id='word_1_360' title='bbox 587 3847 631 3895; x_wconf 88' lang='lat' dir='ltr'><strong>sit.</strong></span> <span class='ocrx_word' id='word_1_361' title='bbox 774 3847 839 3895; x_wconf 86' lang='lat' dir='ltr'><strong>rium</strong></span> <span class='ocrx_word' id='word_1_362' title='bbox 862 3845 948 3894; x_wconf 79' lang='lat' dir='ltr'><strong>statim</strong></span> <span class='ocrx_word' id='word_1_363' title='bbox 970 3844 1086 3892; x_wconf 80' lang='lat' dir='ltr'><strong>invectos</strong></span> <span class='ocrx_word' id='word_1_364' title='bbox 1102 3851 1150 3896; x_wconf 86' lang='lat' dir='ltr'><strong>est,</strong></span> <span class='ocrx_word' id='word_1_365' title='bbox 1169 3843 1299 3897; x_wconf 82' lang='lat' dir='ltr'><strong>Scaurum,</strong></span> 
     </span>
     <span class='ocr_line' id='line_1_40' title="bbox 243 3911 1301 3984; baseline 0.008 -25"><span class='ocrx_word' id='word_1_366' title='bbox 243 3911 251 3944; x_wconf 88' lang='lat'><strong>¹</strong></span> <span class='ocrx_word' id='word_1_367' title='bbox 271 3912 375 3961; x_wconf 71' lang='lat' dir='ltr'><strong>iscium</strong></span> <span class='ocrx_word' id='word_1_368' title='bbox 394 3929 446 3963; x_wconf 70' lang='lat' dir='ltr'><strong>mss</strong></span> <span class='ocrx_word' id='word_1_369' title='bbox 464 3919 544 3980; x_wconf 82' lang='lat' dir='ltr'><strong>odero]</strong></span> <span class='ocrx_word' id='word_1_370' title='bbox 567 3919 607 3967; x_wconf 84' lang='lat' dir='ltr'><strong>De</strong></span> <span class='ocrx_word' id='word_1_371' title='bbox 624 3920 734 3984; x_wconf 82' lang='lat' dir='ltr'><strong>qondam</strong></span> <span class='ocrx_word' id='word_1_372' title='bbox 775 3922 816 3968; x_wconf 80' lang='lat' dir='ltr'><strong>eni</strong></span> <span class='ocrx_word' id='word_1_373' title='bbox 829 3919 1013 3982; x_wconf 82' lang='lat' dir='ltr'><strong>implacabilius</strong></span> <span class='ocrx_word' id='word_1_374' title='bbox 1022 3918 1186 3972; x_wconf 81' lang='lat' dir='ltr'><strong>irascebatur,</strong></span> <span class='ocrx_word' id='word_1_375' title='bbox 1195 3917 1301 3967; x_wconf 83' lang='lat' dir='ltr'><strong>silentio</strong></span> 
     </span>
     <span class='ocr_line' id='line_1_41' title="bbox 208 3987 903 4043; baseline 0.01 -9"><span class='ocrx_word' id='word_1_376' title='bbox 208 3999 255 4035; x_wconf 86' lang='lat' dir='ltr'><strong>sao</strong></span> <span class='ocrx_word' id='word_1_377' title='bbox 263 3987 439 4038; x_wconf 85' lang='lat' dir='ltr'><strong>obtrectatore</strong></span> <span class='ocrx_word' id='word_1_378' title='bbox 447 3991 516 4041; x_wconf 83' lang='lat' dir='ltr'><strong>diets</strong></span> <span class='ocrx_word' id='word_1_379' title='bbox 524 3994 655 4043; x_wconf 73' lang='lat' dir='ltr'><strong>santhec.</strong></span> <span class='ocrx_word' id='word_1_380' title='bbox 666 3995 735 4043; x_wconf 82' lang='lat' dir='ltr'><strong>Pau·</strong></span> <span class='ocrx_word' id='word_1_381' title='bbox 775 3992 903 4043; x_wconf 67' lang='lat' dir='ltr'><strong>tramisit!</strong></span> 
     </span>
     <span class='ocr_line' id='line_1_42' title="bbox 210 4059 1298 4132; baseline 0.009 -24"><span class='ocrx_word' id='word_1_382' title='bbox 210 4061 236 4110; x_wconf 89' lang='lat' dir='ltr'><strong>ic</strong></span> <span class='ocrx_word' id='word_1_383' title='bbox 247 4061 320 4110; x_wconf 80' lang='lat' dir='ltr'><strong>aliter</strong></span> <span class='ocrx_word' id='word_1_384' title='bbox 330 4059 460 4125; x_wconf 74' lang='lat' dir='ltr'><strong>Aognstas</strong></span> <span class='ocrx_word' id='word_1_385' title='bbox 474 4067 509 4115; x_wconf 85' lang='lat' dir='ltr'><strong>de</strong></span> <span class='ocrx_word' id='word_1_386' title='bbox 525 4081 581 4130; x_wconf 86' lang='lat' dir='ltr'><strong>sso,</strong></span> <span class='ocrx_word' id='word_1_387' title='bbox 592 4066 659 4132; x_wconf 73' lang='lat' dir='ltr'><strong>ling.</strong></span> <span class='ocrx_word' id='word_1_388' title='bbox 677 4082 735 4132; x_wconf 82' lang='lat' dir='ltr'><strong>esp.</strong></span> <span class='ocrx_word' id='word_1_389' title='bbox 807 4075 819 4102; x_wconf 83' lang='lat'>¹</span> <span class='ocrx_word' id='word_1_390' title='bbox 834 4069 939 4132; x_wconf 72' lang='lat' dir='ltr'><strong>Dixere]</strong></span> <span class='ocrx_word' id='word_1_391' title='bbox 954 4069 1063 4119; x_wconf 81' lang='lat' dir='ltr'><strong>Quidam</strong></span> <span class='ocrx_word' id='word_1_392' title='bbox 1077 4067 1260 4132; x_wconf 68' lang='lat' dir='ltr'><strong>tegebantriiss&#39;</strong></span> <span class='ocrx_word' id='word_1_393' title='bbox 1271 4075 1298 4118; x_wconf 85' lang='lat' dir='ltr'><strong>et</strong></span> 
     </span>
     <span class='ocr_line' id='line_1_43' title="bbox 211 4139 1298 4196; baseline 0.008 -10"><span class='ocrx_word' id='word_1_394' title='bbox 211 4139 252 4186; x_wconf 82' lang='lat' dir='ltr'><strong>st.</strong></span> <span class='ocrx_word' id='word_1_395' title='bbox 774 4143 847 4195; x_wconf 76' lang='lat' dir='ltr'><strong>dixit.</strong></span> <span class='ocrx_word' id='word_1_396' title='bbox 879 4144 1033 4195; x_wconf 81' lang='lat' dir='ltr'><strong>Emendavit</strong></span> <span class='ocrx_word' id='word_1_397' title='bbox 1041 4144 1191 4195; x_wconf 82' lang='lat' dir='ltr'><strong>Torrentius</strong></span> <span class='ocrx_word' id='word_1_398' title='bbox 1201 4158 1234 4196; x_wconf 83' lang='lat' dir='ltr'><strong>ex</strong></span> <span class='ocrx_word' id='word_1_399' title='bbox 1245 4155 1298 4195; x_wconf 85' lang='lat' dir='ltr'><strong>vet.</strong></span> 
     </span>
     <span class='ocr_line' id='line_1_44' title="bbox 220 4212 832 4278; baseline 0.015 -17"><span class='ocrx_word' id='word_1_400' title='bbox 220 4219 260 4256; x_wconf 82' lang='lat'><strong>.¹¹²</strong></span> <span class='ocrx_word' id='word_1_401' title='bbox 291 4212 401 4278; x_wconf 62' lang='lat' dir='ltr'><strong>tisiam]</strong></span> <span class='ocrx_word' id='word_1_402' title='bbox 428 4217 477 4267; x_wconf 86' lang='lat' dir='ltr'><strong>liic</strong></span> <span class='ocrx_word' id='word_1_403' title='bbox 499 4218 679 4272; x_wconf 81' lang='lat' dir='ltr'><strong>verosimiliter</strong></span> <span class='ocrx_word' id='word_1_404' title='bbox 701 4220 735 4270; x_wconf 86' lang='lat' dir='ltr'><strong>de</strong></span> <span class='ocrx_word' id='word_1_405' title='bbox 775 4221 832 4270; x_wconf 87' lang='lat' dir='ltr'><strong>cod.</strong></span> 
     </span>
    </p>
   </div>
   <div class='ocr_carea' id='block_1_9' title="bbox 0 0 1618 4914">
    <p class='ocr_par' dir='ltr' id='par_1_9' title="bbox 0 0 1618 4914">
     <span class='ocr_line' id='line_1_45' title="bbox 0 0 1618 4914; baseline 0 0"><span class='ocrx_word' id='word_1_406' title='bbox 0 0 1618 4914; x_wconf 95' lang='lat' dir='ltr'><strong> </strong></span> 
     </span>
    </p>
   </div>
  </div>
 </body>
</html>
