<?xml version="1.0" encoding="UTF-8"?>
<!DOCTYPE html PUBLIC "-//W3C//DTD XHTML 1.0 Transitional//EN"
    "http://www.w3.org/TR/xhtml1/DTD/xhtml1-transitional.dtd">
<html xmlns="http://www.w3.org/1999/xhtml" xml:lang="en" lang="en">
 <head>
  <title>
</title>
<meta http-equiv="Content-Type" content="text/html;charset=utf-8" />
  <meta name='ocr-system' content='tesseract 3.04.00' />
  <meta name='ocr-capabilities' content='ocr_page ocr_carea ocr_par ocr_line ocrx_word'/>
</head>
<body>
  <div class='ocr_page' id='page_1' title='image "./operaomniaexedi02suetgoog_0047.png"; bbox 0 0 3120 4926; ppageno 0'>
   <div class='ocr_carea' id='block_1_1' title="bbox 298 432 969 500">
    <p class='ocr_par' dir='ltr' id='par_1_1' title="bbox 298 432 969 500">
     <span class='ocr_line' id='line_1_1' title="bbox 298 432 969 500; baseline -0.015 -2"><span class='ocrx_word' id='word_1_1' title='bbox 298 432 344 500; x_wconf 76' lang='lat' dir='ltr'><strong>tc</strong></span> <span class='ocrx_word' id='word_1_2' title='bbox 733 445 764 494; x_wconf 88' lang='lat' dir='ltr'><strong>o.</strong></span> <span class='ocrx_word' id='word_1_3' title='bbox 785 439 969 492; x_wconf 70' lang='lat' dir='ltr'><strong>annnorum</strong></span> 
     </span>
    </p>
   </div>
   <div class='ocr_carea' id='block_1_2' title="bbox 298 582 1399 1380">
    <p class='ocr_par' dir='ltr' id='par_1_2' title="bbox 298 582 1399 1380">
     <span class='ocr_line' id='line_1_2' title="bbox 300 582 1396 670; baseline -0.007 -15"><span class='ocrx_word' id='word_1_4' title='bbox 300 589 419 670; x_wconf 81' lang='lat' dir='ltr'>Magni</span> <span class='ocrx_word' id='word_1_5' title='bbox 436 585 621 651; x_wconf 77' lang='lat' dir='ltr'><strong>Alexandri</strong></span> <span class='ocrx_word' id='word_1_6' title='bbox 646 585 800 668; x_wconf 79' lang='lat' dir='ltr'><strong>imagine,</strong></span> <span class='ocrx_word' id='word_1_7' title='bbox 822 582 1002 666; x_wconf 82' lang='lat' dir='ltr'><strong>ingemuit:</strong></span> <span class='ocrx_word' id='word_1_8' title='bbox 1029 586 1062 647; x_wconf 84' lang='lat' dir='ltr'><strong>et</strong></span> <span class='ocrx_word' id='word_1_9' title='bbox 1082 584 1183 667; x_wconf 84' lang='lat' dir='ltr'><strong>quani</strong></span> <span class='ocrx_word' id='word_1_10' title='bbox 1206 588 1396 666; x_wconf 76' lang='lat' dir='ltr'><strong>parteenna‘</strong></span> 
     </span>
     <span class='ocr_line' id='line_1_3' title="bbox 298 684 1398 774; baseline -0.005 -18"><span class='ocrx_word' id='word_1_11' title='bbox 298 689 489 774; x_wconf 61' lang='lat' dir='ltr'><strong>ignaviam</strong></span> <span class='ocrx_word' id='word_1_12' title='bbox 505 705 611 766; x_wconf 82' lang='lat' dir='ltr'><strong>anam,</strong></span> <span class='ocrx_word' id='word_1_13' title='bbox 626 687 716 772; x_wconf 92' lang='lat' dir='ltr'><strong>quod</strong></span> <span class='ocrx_word' id='word_1_14' title='bbox 730 687 914 751; x_wconf 81' lang='lat' dir='ltr'><strong>nihildnm¹</strong></span> <span class='ocrx_word' id='word_1_15' title='bbox 936 705 958 749; x_wconf 88' lang='lat' dir='ltr'><strong>a</strong></span> <span class='ocrx_word' id='word_1_16' title='bbox 979 705 1017 753; x_wconf 81' lang='lat' dir='ltr'><strong>se</strong></span> <span class='ocrx_word' id='word_1_17' title='bbox 1029 684 1267 750; x_wconf 85' lang='lat' dir='ltr'><strong>memorabilo²</strong></span> <span class='ocrx_word' id='word_1_18' title='bbox 1283 689 1398 750; x_wconf 77' lang='lat' dir='ltr'><strong>actum</strong></span> 
     </span>
     <span class='ocr_line' id='line_1_4' title="bbox 298 787 1398 874; baseline -0.005 -16"><span class='ocrx_word' id='word_1_19' title='bbox 298 792 443 858; x_wconf 75' lang='lat' dir='ltr'><strong>oscetin</strong></span> <span class='ocrx_word' id='word_1_20' title='bbox 466 787 595 868; x_wconf 80' lang='lat' dir='ltr'><strong>aetate,‘¹</strong></span> <span class='ocrx_word' id='word_1_21' title='bbox 608 810 676 874; x_wconf 89' lang='lat' dir='ltr'><strong>qua</strong></span> <span class='ocrx_word' id='word_1_22' title='bbox 695 791 768 874; x_wconf 76' lang='lat' dir='ltr'><strong>Jam</strong></span> <span class='ocrx_word' id='word_1_23' title='bbox 788 789 978 855; x_wconf 79' lang='lat' dir='ltr'><strong>Alexander</strong></span> <span class='ocrx_word' id='word_1_24' title='bbox 997 789 1111 852; x_wconf 91' lang='lat' dir='ltr'><strong>orbem</strong></span> <span class='ocrx_word' id='word_1_25' title='bbox 1133 796 1294 852; x_wconf 88' lang='lat' dir='ltr'><strong>terrarum</strong></span> <span class='ocrx_word' id='word_1_26' title='bbox 1318 787 1398 853; x_wconf 83' lang='lat' dir='ltr'><strong>enb-</strong></span> 
     </span>
     <span class='ocr_line' id='line_1_5' title="bbox 299 887 1398 977; baseline -0.006 -16"><span class='ocrx_word' id='word_1_27' title='bbox 299 897 434 977; x_wconf 76' lang='lat' dir='ltr'><strong>egisset,</strong></span> <span class='ocrx_word' id='word_1_28' title='bbox 443 891 655 957; x_wconf 85' lang='lat' dir='ltr'><strong>miasionem·</strong></span> <span class='ocrx_word' id='word_1_29' title='bbox 663 892 819 957; x_wconf 87' lang='lat' dir='ltr'><strong>continno</strong></span> <span class='ocrx_word' id='word_1_30' title='bbox 828 887 1033 972; x_wconf 79' lang='lat' dir='ltr'><strong>efflagitavit,</strong></span> <span class='ocrx_word' id='word_1_31' title='bbox 1041 889 1083 953; x_wconf 87' lang='lat' dir='ltr'><strong>ad</strong></span> <span class='ocrx_word' id='word_1_32' title='bbox 1096 889 1282 972; x_wconf 82' lang='lat' dir='ltr'><strong>captandas</strong></span> <span class='ocrx_word' id='word_1_33' title='bbox 1294 908 1398 971; x_wconf 83' lang='lat' dir='ltr'><strong>quant</strong></span> 
     </span>
     <span class='ocr_line' id='line_1_6' title="bbox 298 987 1398 1083; baseline -0.005 -24"><span class='ocrx_word' id='word_1_34' title='bbox 298 996 444 1083; x_wconf 88' lang='lat' dir='ltr'><strong>primum</strong></span> <span class='ocrx_word' id='word_1_35' title='bbox 458 995 620 1078; x_wconf 87' lang='lat' dir='ltr'><strong>majorum</strong></span> <span class='ocrx_word' id='word_1_36' title='bbox 634 1011 741 1058; x_wconf 88' lang='lat' dir='ltr'><strong>rernm</strong></span> <span class='ocrx_word' id='word_1_37' title='bbox 755 993 952 1058; x_wconf 73' lang='lat' dir='ltr'><strong>occasiones</strong></span> <span class='ocrx_word' id='word_1_38' title='bbox 965 992 1002 1056; x_wconf 90' lang='lat' dir='ltr'><strong>in</strong></span> <span class='ocrx_word' id='word_1_39' title='bbox 1017 989 1133 1056; x_wconf 80' lang='lat' dir='ltr'><strong>Urbe.³</strong></span> <span class='ocrx_word' id='word_1_40' title='bbox 1144 987 1159 1034; x_wconf 43' lang='grc' dir='ltr'><em>ἰ</em></span> <span class='ocrx_word' id='word_1_41' title='bbox 1188 989 1299 1056; x_wconf 84' lang='lat' dir='ltr'><strong>Etiam</strong></span> <span class='ocrx_word' id='word_1_42' title='bbox 1314 1007 1398 1055; x_wconf 90' lang='lat' dir='ltr'><strong>con-</strong></span> 
     </span>
     <span class='ocr_line' id='line_1_7' title="bbox 298 1091 1399 1177; baseline -0.003 -17"><span class='ocrx_word' id='word_1_43' title='bbox 298 1097 432 1160; x_wconf 77' lang='lat' dir='ltr'><strong>fusum*</strong></span> <span class='ocrx_word' id='word_1_44' title='bbox 446 1111 523 1157; x_wconf 85' lang='lat' dir='ltr'><strong>enm</strong></span> <span class='ocrx_word' id='word_1_45' title='bbox 539 1096 670 1160; x_wconf 82' lang='lat' dir='ltr'><strong>somnio</strong></span> <span class='ocrx_word' id='word_1_46' title='bbox 692 1093 857 1177; x_wconf 69' lang='lat' dir='ltr'><strong>proxima</strong></span> <span class='ocrx_word' id='word_1_47' title='bbox 876 1092 986 1158; x_wconf 81' lang='lat' dir='ltr'><strong>noctis</strong></span> <span class='ocrx_word' id='word_1_48' title='bbox 1003 1091 1097 1177; x_wconf 91' lang='lat' dir='ltr'><strong>(nam</strong></span> <span class='ocrx_word' id='word_1_49' title='bbox 1111 1091 1226 1156; x_wconf 74' lang='grc' dir='ltr'><strong>νὶειιες</strong></span> <span class='ocrx_word' id='word_1_50' title='bbox 1248 1099 1322 1157; x_wconf 87' lang='lat' dir='ltr'><strong>orat</strong></span> <span class='ocrx_word' id='word_1_51' title='bbox 1336 1111 1399 1175; x_wconf 88' lang='lat' dir='ltr'><strong>per</strong></span> 
     </span>
     <span class='ocr_line' id='line_1_8' title="bbox 298 1189 1399 1282; baseline -0.002 -21"><span class='ocrx_word' id='word_1_52' title='bbox 298 1199 444 1282; x_wconf 86' lang='lat' dir='ltr'><strong>quietern</strong></span> <span class='ocrx_word' id='word_1_53' title='bbox 459 1197 555 1259; x_wconf 84' lang='lat' dir='ltr'><strong>matri</strong></span> <span class='ocrx_word' id='word_1_54' title='bbox 568 1194 742 1279; x_wconf 86' lang='lat' dir='ltr'><strong>stuprum⁶</strong></span> <span class='ocrx_word' id='word_1_55' title='bbox 754 1189 924 1277; x_wconf 75' lang='lat' dir='ltr'><strong>intulisse)</strong></span> <span class='ocrx_word' id='word_1_56' title='bbox 936 1192 1188 1276; x_wconf 83' lang='lat' dir='ltr'><strong>conjectores⁷¹</strong></span> <span class='ocrx_word' id='word_1_57' title='bbox 1202 1191 1246 1257; x_wconf 89' lang='lat' dir='ltr'><strong>ad</strong></span> <span class='ocrx_word' id='word_1_58' title='bbox 1255 1195 1399 1277; x_wconf 85' lang='lat' dir='ltr'><strong>amplia·</strong></span> 
     </span>
     <span class='ocr_line' id='line_1_9' title="bbox 299 1293 1399 1380; baseline -0.004 -17"><span class='ocrx_word' id='word_1_59' title='bbox 299 1299 418 1363; x_wconf 81' lang='lat' dir='ltr'><strong>almam</strong></span> <span class='ocrx_word' id='word_1_60' title='bbox 430 1296 549 1380; x_wconf 81' lang='lat' dir='ltr'><strong>apom⁸</strong></span> <span class='ocrx_word' id='word_1_61' title='bbox 563 1297 825 1373; x_wconf 76' lang='lat' dir='ltr'><strong>incitaverunt,‘⁹</strong></span> <span class='ocrx_word' id='word_1_62' title='bbox 835 1299 847 1352; x_wconf 89' lang='lat' dir='ltr'><strong>t</strong></span> <span class='ocrx_word' id='word_1_63' title='bbox 858 1294 1028 1359; x_wconf 87' lang='lat' dir='ltr'><strong>arbitrium</strong></span> <span class='ocrx_word' id='word_1_64' title='bbox 1045 1293 1135 1358; x_wconf 74' lang='lat' dir='ltr'><strong>orinia</strong></span> <span class='ocrx_word' id='word_1_65' title='bbox 1149 1299 1306 1358; x_wconf 85' lang='lat' dir='ltr'><strong>terrarum</strong></span> <span class='ocrx_word' id='word_1_66' title='bbox 1321 1311 1399 1378; x_wconf 74' lang='lat' dir='ltr'><strong>pou</strong></span> 
     </span>
    </p>
   </div>
   <div class='ocr_carea' id='block_1_3' title="bbox 300 1469 1400 1632">
    <p class='ocr_par' dir='ltr' id='par_1_3' title="bbox 300 1433 1400 1632">
     <span class='ocr_line' id='line_1_10' title="bbox 332 1469 1400 1535; baseline 0 -13"><span class='ocrx_word' id='word_1_67' title='bbox 332 1472 346 1507; x_wconf 56' lang='grc' dir='ltr'><strong><em>ὃ</em></strong></span> <span class='ocrx_word' id='word_1_68' title='bbox 362 1473 518 1525; x_wconf 79' lang='lat' dir='ltr'><strong>Torditatem.</strong></span> <span class='ocrx_word' id='word_1_69' title='bbox 608 1483 618 1507; x_wconf 79' lang='lat'><strong><em>¹</em></strong></span> <span class='ocrx_word' id='word_1_70' title='bbox 633 1472 784 1522; x_wconf 82' lang='lat' dir='ltr'><strong>Somniorum</strong></span> <span class='ocrx_word' id='word_1_71' title='bbox 793 1469 936 1532; x_wconf 78' lang='lat' dir='ltr'><strong>interpreter</strong></span> <span class='ocrx_word' id='word_1_72' title='bbox 946 1470 977 1520; x_wconf 85' lang='lat' dir='ltr'><strong>ad</strong></span> <span class='ocrx_word' id='word_1_73' title='bbox 987 1470 1229 1535; x_wconf 76' lang='lat' dir='ltr'><strong>ampliariaurutpear</strong></span> <span class='ocrx_word' id='word_1_74' title='bbox 1239 1471 1400 1522; x_wconf 67' lang='lat' dir='ltr'><strong>incitam</strong></span> 
     </span>
     <span class='ocr_line' id='line_1_11' title="bbox 300 1537 775 1632; baseline -0.006 -45"><span class='ocrx_word' id='word_1_75' title='bbox 300 1537 567 1587; x_wconf 71' lang='lat' dir='ltr'><strong>etiamtumtrrriotrtm</strong></span> <span class='ocrx_word' id='word_1_76' title='bbox 577 1539 727 1600; x_wconf 71' lang='lat' dir='ltr'><strong>commatre.</strong></span> <span class='ocrx_word' id='word_1_77' title='bbox 761 1611 775 1632; x_wconf 35' lang='grc' dir='ltr'><em>ο</em></span> 
     </span>
    </p>
   </div>
   <div class='ocr_carea' id='block_1_4' title="bbox 776 1609 942 1632">
    <p class='ocr_par' dir='ltr' id='par_1_4' title="bbox 776 1609 942 1632">
     <span class='ocr_line' id='line_1_12' title="bbox 776 1609 942 1632; baseline 0 0"><span class='ocrx_word' id='word_1_78' title='bbox 776 1609 942 1632; x_wconf 62' lang='lat' dir='ltr'><strong>m</strong></span> 
     </span>
    </p>
   </div>
   <div class='ocr_carea' id='block_1_5' title="bbox 299 1709 1402 2670">
    <p class='ocr_par' dir='ltr' id='par_1_5' title="bbox 299 1709 1402 2670">
     <span class='ocr_line' id='line_1_13' title="bbox 300 1709 1399 1776; baseline 0.001 -16"><span class='ocrx_word' id='word_1_79' title='bbox 300 1717 366 1761; x_wconf 79' lang='lat' dir='ltr'><strong>-lc</strong></span> <span class='ocrx_word' id='word_1_80' title='bbox 388 1713 496 1762; x_wconf 81' lang='lat' dir='ltr'><strong>Momm.</strong></span> <span class='ocrx_word' id='word_1_81' title='bbox 520 1713 696 1776; x_wconf 72' lang='lat' dir='ltr'><strong>(indiaque-1</strong></span> <span class='ocrx_word' id='word_1_82' title='bbox 722 1712 794 1762; x_wconf 73' lang='lat' dir='ltr'><strong>Nitor</strong></span> <span class='ocrx_word' id='word_1_83' title='bbox 822 1717 873 1761; x_wconf 86' lang='lat' dir='ltr'><strong>taur</strong></span> <span class='ocrx_word' id='word_1_84' title='bbox 902 1711 989 1761; x_wconf 82' lang='lat' dir='ltr'><strong>Parin.</strong></span> <span class='ocrx_word' id='word_1_85' title='bbox 1012 1711 1108 1775; x_wconf 78' lang='lat' dir='ltr'><strong>(iopen.</strong></span> <span class='ocrx_word' id='word_1_86' title='bbox 1131 1711 1251 1763; x_wconf 84' lang='lat' dir='ltr'><strong>liarlem.</strong></span> <span class='ocrx_word' id='word_1_87' title='bbox 1271 1709 1352 1759; x_wconf 83' lang='lat' dir='ltr'><strong>vind.</strong></span> <span class='ocrx_word' id='word_1_88' title='bbox 1373 1715 1399 1761; x_wconf 74' lang='lat'><strong>2.</strong></span> 
     </span>
     <span class='ocr_line' id='line_1_14' title="bbox 301 1775 1399 1840; baseline -0.002 -14"><span class='ocrx_word' id='word_1_89' title='bbox 301 1776 373 1826; x_wconf 75' lang='lat' dir='ltr'><strong>cnut.</strong></span> <span class='ocrx_word' id='word_1_90' title='bbox 385 1777 477 1840; x_wconf 85' lang='lat' dir='ltr'><strong>Camp.</strong></span> <span class='ocrx_word' id='word_1_91' title='bbox 489 1778 597 1826; x_wconf 87' lang='lat' dir='ltr'><strong>Mediol.</strong></span> <span class='ocrx_word' id='word_1_92' title='bbox 611 1775 685 1826; x_wconf 84' lang='lat' dir='ltr'><strong>Caid.</strong></span> <span class='ocrx_word' id='word_1_93' title='bbox 696 1777 763 1826; x_wconf 83' lang='lat' dir='ltr'><strong>ven.</strong></span> <span class='ocrx_word' id='word_1_94' title='bbox 785 1785 848 1838; x_wconf 82' lang='lat' dir='ltr'><strong>tres,</strong></span> <span class='ocrx_word' id='word_1_95' title='bbox 860 1775 921 1824; x_wconf 79' lang='lat' dir='ltr'><strong>Alo.</strong></span> <span class='ocrx_word' id='word_1_96' title='bbox 936 1782 963 1824; x_wconf 93' lang='lat' dir='ltr'><strong>et</strong></span> <span class='ocrx_word' id='word_1_97' title='bbox 981 1775 1047 1824; x_wconf 85' lang='lat' dir='ltr'><strong>Edd.</strong></span> <span class='ocrx_word' id='word_1_98' title='bbox 1066 1776 1134 1834; x_wconf 68' lang='lat' dir='ltr'><strong>alin,</strong></span> <span class='ocrx_word' id='word_1_99' title='bbox 1153 1789 1224 1838; x_wconf 71' lang='lat' dir='ltr'><strong>qm</strong></span> <span class='ocrx_word' id='word_1_100' title='bbox 1233 1776 1295 1826; x_wconf 70' lang='lat' dir='ltr'><strong>md·</strong></span> <span class='ocrx_word' id='word_1_101' title='bbox 1318 1775 1399 1824; x_wconf 80' lang='lat' dir='ltr'><strong>Fone.</strong></span> 
     </span>
     <span class='ocr_line' id='line_1_15' title="bbox 300 1839 1399 1890; baseline -0.001 -1"><span class='ocrx_word' id='word_1_102' title='bbox 300 1855 361 1890; x_wconf 86' lang='lat' dir='ltr'><strong>mox</strong></span> <span class='ocrx_word' id='word_1_103' title='bbox 372 1857 387 1890; x_wconf 89' lang='lat' dir='ltr'><strong>a</strong></span> <span class='ocrx_word' id='word_1_104' title='bbox 397 1855 423 1890; x_wconf 82' lang='lat' dir='ltr'><strong>ae</strong></span> <span class='ocrx_word' id='word_1_105' title='bbox 433 1841 530 1890; x_wconf 89' lang='lat' dir='ltr'><strong>omittit</strong></span> <span class='ocrx_word' id='word_1_106' title='bbox 542 1840 627 1890; x_wconf 88' lang='lat' dir='ltr'><strong>ered.</strong></span> <span class='ocrx_word' id='word_1_107' title='bbox 638 1844 713 1890; x_wconf 51' lang='lat' dir='ltr'><strong>tet</strong></span> <span class='ocrx_word' id='word_1_108' title='bbox 724 1840 809 1888; x_wconf 78' lang='lat' dir='ltr'><strong>Lialaei</strong></span> <span class='ocrx_word' id='word_1_109' title='bbox 820 1839 878 1889; x_wconf 84' lang='lat' dir='ltr'><strong>cod.</strong></span> <span class='ocrx_word' id='word_1_110' title='bbox 890 1840 1031 1890; x_wconf 68' lang='lat' dir='ltr'><strong>murman.</strong></span> <span class='ocrx_word' id='word_1_111' title='bbox 1056 1840 1088 1888; x_wconf 89' lang='lat' dir='ltr'><strong>Iu</strong></span> <span class='ocrx_word' id='word_1_112' title='bbox 1100 1841 1176 1889; x_wconf 84' lang='lat' dir='ltr'><strong>linia.</strong></span> <span class='ocrx_word' id='word_1_113' title='bbox 1185 1845 1263 1889; x_wconf 71' lang='lat' dir='ltr'><strong>uotam</strong></span> <span class='ocrx_word' id='word_1_114' title='bbox 1275 1844 1336 1889; x_wconf 83' lang='lat' dir='ltr'><strong>erret</strong></span> <span class='ocrx_word' id='word_1_115' title='bbox 1346 1853 1399 1888; x_wconf 87' lang='lat' dir='ltr'><strong>non</strong></span> 
     </span>
     <span class='ocr_line' id='line_1_16' title="bbox 301 1903 1401 1968; baseline -0.002 -15"><span class='ocrx_word' id='word_1_116' title='bbox 301 1905 469 1968; x_wconf 79' lang='lat' dir='ltr'><strong>conspicitur.</strong></span> <span class='ocrx_word' id='word_1_117' title='bbox 501 1905 584 1953; x_wconf 90' lang='lat' dir='ltr'><strong>Porro</strong></span> <span class='ocrx_word' id='word_1_118' title='bbox 597 1907 633 1953; x_wconf 86' lang='lat' dir='ltr'><strong>lta</strong></span> <span class='ocrx_word' id='word_1_119' title='bbox 644 1903 767 1952; x_wconf 77' lang='lat' dir='ltr'><strong>scribitur</strong></span> <span class='ocrx_word' id='word_1_120' title='bbox 778 1904 849 1952; x_wconf 80' lang='lat' dir='ltr'><strong>icccc</strong></span> <span class='ocrx_word' id='word_1_121' title='bbox 859 1903 887 1952; x_wconf 89' lang='lat' dir='ltr'><strong>iu</strong></span> <span class='ocrx_word' id='word_1_122' title='bbox 899 1904 994 1952; x_wconf 82' lang='lat' dir='ltr'><strong>Pltlroei</strong></span> <span class='ocrx_word' id='word_1_123' title='bbox 1004 1904 1078 1960; x_wconf 87' lang='lat' dir='ltr'><strong>libro,</strong></span> <span class='ocrx_word' id='word_1_124' title='bbox 1086 1920 1109 1967; x_wconf 77' lang='lat' dir='ltr'><strong>q.</strong></span> <span class='ocrx_word' id='word_1_125' title='bbox 1120 1919 1145 1954; x_wconf 78' lang='lat' dir='ltr'><strong>n.</strong></span> <span class='ocrx_word' id='word_1_126' title='bbox 1157 1911 1208 1953; x_wconf 81' lang='lat' dir='ltr'><strong>tatu</strong></span> <span class='ocrx_word' id='word_1_127' title='bbox 1218 1905 1339 1952; x_wconf 75' lang='lat' dir='ltr'><strong>odurodam</strong></span> <span class='ocrx_word' id='word_1_128' title='bbox 1350 1918 1365 1951; x_wconf 89' lang='lat' dir='ltr'><strong>a</strong></span> <span class='ocrx_word' id='word_1_129' title='bbox 1375 1917 1401 1952; x_wconf 85' lang='lat' dir='ltr'><strong>re</strong></span> 
     </span>
     <span class='ocr_line' id='line_1_17' title="bbox 300 1967 1400 2029; baseline -0.002 -12"><span class='ocrx_word' id='word_1_130' title='bbox 300 1968 449 2017; x_wconf 76' lang='lat' dir='ltr'><strong>memorabile</strong></span> <span class='ocrx_word' id='word_1_131' title='bbox 460 1983 483 2016; x_wconf 88' lang='lat' dir='ltr'><strong>a.</strong></span> <span class='ocrx_word' id='word_1_132' title='bbox 494 1983 515 2017; x_wconf 90' lang='lat' dir='ltr'><strong>e.</strong></span> <span class='ocrx_word' id='word_1_133' title='bbox 529 1970 610 2016; x_wconf 83' lang='lat' dir='ltr'><strong>minna</strong></span> <span class='ocrx_word' id='word_1_134' title='bbox 622 1975 704 2029; x_wconf 85' lang='lat' dir='ltr'><strong>recte,</strong></span> <span class='ocrx_word' id='word_1_135' title='bbox 713 1969 752 2017; x_wconf 91' lang='lat' dir='ltr'><strong>uti</strong></span> <span class='ocrx_word' id='word_1_136' title='bbox 763 1969 872 2018; x_wconf 76' lang='lat' dir='ltr'><strong>emon.</strong></span> <span class='ocrx_word' id='word_1_137' title='bbox 881 1968 1041 2016; x_wconf 69' lang='lat' dir='ltr'><strong>videtum-t</strong></span> <span class='ocrx_word' id='word_1_138' title='bbox 1056 1968 1152 2018; x_wconf 83' lang='lat' dir='ltr'><strong>lllemb.</strong></span> <span class='ocrx_word' id='word_1_139' title='bbox 1159 1967 1263 2016; x_wconf 77' lang='lat' dir='ltr'><strong>viterb.</strong></span> <span class='ocrx_word' id='word_1_140' title='bbox 1274 1969 1300 2016; x_wconf 84' lang='lat' dir='ltr'><strong>iu</strong></span> <span class='ocrx_word' id='word_1_141' title='bbox 1311 1967 1400 2016; x_wconf 68' lang='lat' dir='ltr'><strong>orbern</strong></span> 
     </span>
     <span class='ocr_line' id='line_1_18' title="bbox 300 2031 1402 2094; baseline 0 -14"><span class='ocrx_word' id='word_1_142' title='bbox 300 2033 309 2060; x_wconf 88' lang='lat'>‘</span> <span class='ocrx_word' id='word_1_143' title='bbox 322 2031 395 2080; x_wconf 87' lang='lat' dir='ltr'><strong>inter</strong></span> <span class='ocrx_word' id='word_1_144' title='bbox 406 2045 482 2082; x_wconf 83' lang='lat' dir='ltr'><strong>vocet</strong></span> <span class='ocrx_word' id='word_1_145' title='bbox 492 2032 571 2080; x_wconf 77' lang='lat' dir='ltr'><strong>arbem</strong></span> <span class='ocrx_word' id='word_1_146' title='bbox 583 2039 609 2080; x_wconf 90' lang='lat' dir='ltr'><strong>et</strong></span> <span class='ocrx_word' id='word_1_147' title='bbox 620 2032 692 2080; x_wconf 84' lang='lat' dir='ltr'><strong>etiam</strong></span> <span class='ocrx_word' id='word_1_148' title='bbox 703 2031 804 2094; x_wconf 88' lang='lat' dir='ltr'><strong>qnidam</strong></span> <span class='ocrx_word' id='word_1_149' title='bbox 817 2031 876 2079; x_wconf 87' lang='lat' dir='ltr'><strong>libri</strong></span> <span class='ocrx_word' id='word_1_150' title='bbox 893 2032 1060 2093; x_wconf 79' lang='lat' dir='ltr'><strong>interponant</strong></span> <span class='ocrx_word' id='word_1_151' title='bbox 1072 2045 1160 2080; x_wconf 83' lang='lat' dir='ltr'><strong>vocem</strong></span> <span class='ocrx_word' id='word_1_152' title='bbox 1172 2031 1259 2092; x_wconf 70' lang='lat' dir='ltr'><strong>mend,</strong></span> <span class='ocrx_word' id='word_1_153' title='bbox 1270 2037 1316 2080; x_wconf 88' lang='lat' dir='ltr'><strong>ant</strong></span> <span class='ocrx_word' id='word_1_154' title='bbox 1325 2031 1402 2092; x_wconf 79' lang='lat' dir='ltr'><strong>veuit,</strong></span> 
     </span>
     <span class='ocr_line' id='line_1_19' title="bbox 301 2093 1401 2160; baseline 0.002 -18"><span class='ocrx_word' id='word_1_155' title='bbox 301 2109 376 2160; x_wconf 86' lang='lat' dir='ltr'><strong>qnam</strong></span> <span class='ocrx_word' id='word_1_156' title='bbox 388 2098 451 2146; x_wconf 87' lang='lat' dir='ltr'><strong>lect.</strong></span> <span class='ocrx_word' id='word_1_157' title='bbox 462 2109 550 2145; x_wconf 81' lang='lat' dir='ltr'><strong>omnen</strong></span> <span class='ocrx_word' id='word_1_158' title='bbox 563 2096 621 2144; x_wconf 89' lang='lat' dir='ltr'><strong>libri</strong></span> <span class='ocrx_word' id='word_1_159' title='bbox 634 2096 753 2144; x_wconf 90' lang='lat' dir='ltr'><strong>melioren</strong></span> <span class='ocrx_word' id='word_1_160' title='bbox 766 2093 891 2144; x_wconf 78' lang='lat' dir='ltr'><strong>refutant.</strong></span> <span class='ocrx_word' id='word_1_161' title='bbox 923 2095 1124 2144; x_wconf 83' lang='lat' dir='ltr'><strong>Dlrtinrtioneru</strong></span> <span class='ocrx_word' id='word_1_162' title='bbox 1138 2097 1297 2145; x_wconf 74' lang='lat' dir='ltr'><strong>restituimus</strong></span> <span class='ocrx_word' id='word_1_163' title='bbox 1308 2107 1341 2144; x_wconf 85' lang='lat' dir='ltr'><strong>ex</strong></span> <span class='ocrx_word' id='word_1_164' title='bbox 1350 2093 1401 2144; x_wconf 86' lang='lat' dir='ltr'><strong>Ed.</strong></span> 
     </span>
     <span class='ocr_line' id='line_1_20' title="bbox 300 2158 1401 2223; baseline -0.002 -15"><span class='ocrx_word' id='word_1_165' title='bbox 300 2160 394 2223; x_wconf 84' lang='lat' dir='ltr'><strong>prima,</strong></span> <span class='ocrx_word' id='word_1_166' title='bbox 404 2163 432 2208; x_wconf 91' lang='lat' dir='ltr'><strong>et</strong></span> <span class='ocrx_word' id='word_1_167' title='bbox 444 2159 496 2208; x_wconf 87' lang='lat' dir='ltr'><strong>Mn.</strong></span> <span class='ocrx_word' id='word_1_168' title='bbox 510 2161 572 2209; x_wconf 83' lang='lat' dir='ltr'><strong>Lini.</strong></span> <span class='ocrx_word' id='word_1_169' title='bbox 586 2159 696 2222; x_wconf 85' lang='lat' dir='ltr'><strong>penulme</strong></span> <span class='ocrx_word' id='word_1_170' title='bbox 707 2159 774 2207; x_wconf 88' lang='lat' dir='ltr'><strong>euim</strong></span> <span class='ocrx_word' id='word_1_171' title='bbox 787 2160 812 2208; x_wconf 90' lang='lat' dir='ltr'><strong>in</strong></span> <span class='ocrx_word' id='word_1_172' title='bbox 826 2160 913 2222; x_wconf 75' lang='lat' dir='ltr'><strong>ruigg.</strong></span> <span class='ocrx_word' id='word_1_173' title='bbox 925 2159 992 2208; x_wconf 80' lang='lat' dir='ltr'><strong>lidd.</strong></span> <span class='ocrx_word' id='word_1_174' title='bbox 1009 2158 1159 2208; x_wconf 79' lang='lat' dir='ltr'><strong>distinctum</strong></span> <span class='ocrx_word' id='word_1_175' title='bbox 1176 2169 1215 2209; x_wconf 82' lang='lat' dir='ltr'><strong>ent</strong></span> <span class='ocrx_word' id='word_1_176' title='bbox 1231 2167 1290 2222; x_wconf 85' lang='lat' dir='ltr'><strong>pont</strong></span> <span class='ocrx_word' id='word_1_177' title='bbox 1300 2159 1401 2206; x_wconf 70' lang='lat' dir='ltr'><strong>mario·</strong></span> 
     </span>
     <span class='ocr_line' id='line_1_21' title="bbox 299 2219 1400 2300; baseline 0.001 -28"><span class='ocrx_word' id='word_1_178' title='bbox 299 2223 358 2272; x_wconf 63' lang='lat' dir='ltr'><strong>nea!</strong></span> <span class='ocrx_word' id='word_1_179' title='bbox 375 2223 487 2273; x_wconf 85' lang='lat' dir='ltr'><strong>Caranb.</strong></span> <span class='ocrx_word' id='word_1_180' title='bbox 521 2221 564 2273; x_wconf 83' lang='lat' dir='ltr'><strong>lta</strong></span> <span class='ocrx_word' id='word_1_181' title='bbox 582 2225 660 2274; x_wconf 85' lang='lat' dir='ltr'><strong>etiam</strong></span> <span class='ocrx_word' id='word_1_182' title='bbox 677 2221 786 2286; x_wconf 74' lang='lat' dir='ltr'><strong>corrigit</strong></span> <span class='ocrx_word' id='word_1_183' title='bbox 796 2223 963 2300; x_wconf 45' lang='lat' dir='ltr'><strong>T&#39;orreutex</strong></span> <span class='ocrx_word' id='word_1_184' title='bbox 975 2221 1054 2272; x_wconf 83' lang='lat' dir='ltr'><strong>duob.</strong></span> <span class='ocrx_word' id='word_1_185' title='bbox 1066 2223 1142 2275; x_wconf 88' lang='lat' dir='ltr'><strong>codd.</strong></span> <span class='ocrx_word' id='word_1_186' title='bbox 1153 2223 1216 2285; x_wconf 83' lang='lat' dir='ltr'><strong>nula,</strong></span> <span class='ocrx_word' id='word_1_187' title='bbox 1233 2237 1291 2272; x_wconf 85' lang='lat' dir='ltr'><strong>oum</strong></span> <span class='ocrx_word' id='word_1_188' title='bbox 1304 2219 1361 2272; x_wconf 82' lang='lat' dir='ltr'><strong>Pal.</strong></span> <span class='ocrx_word' id='word_1_189' title='bbox 1373 2225 1400 2273; x_wconf 76' lang='lat'><strong>8.</strong></span> 
     </span>
     <span class='ocr_line' id='line_1_22' title="bbox 302 2285 1401 2414; baseline 0.001 -16"><span class='ocrx_word' id='word_1_190' title='bbox 302 2287 871 2414; x_wconf 50' lang='lat' dir='ltr'><strong>td·0t‘;1.¹-·l·0:„;:n{tillidi</strong></span> <span class='ocrx_word' id='word_1_191' title='bbox 887 2285 1401 2414; x_wconf 56' lang='lat' dir='ltr'><strong>lllttlll‘plttindiculi</strong></span> 
     </span>
     <span class='ocr_line' id='line_1_23' title="bbox 301 2411 1400 2478; baseline -0.001 -14"><span class='ocrx_word' id='word_1_192' title='bbox 301 2421 445 2478; x_wconf 77' lang='lat' dir='ltr'><strong>agnoscunt</strong></span> <span class='ocrx_word' id='word_1_193' title='bbox 456 2415 521 2464; x_wconf 85' lang='lat' dir='ltr'><strong>Mna.</strong></span> <span class='ocrx_word' id='word_1_194' title='bbox 533 2429 602 2464; x_wconf 92' lang='lat' dir='ltr'><strong>omn.</strong></span> <span class='ocrx_word' id='word_1_195' title='bbox 615 2423 639 2466; x_wconf 87' lang='lat' dir='ltr'><strong>et</strong></span> <span class='ocrx_word' id='word_1_196' title='bbox 655 2413 794 2464; x_wconf 78' lang='lat' dir='ltr'><strong>vendicant</strong></span> <span class='ocrx_word' id='word_1_197' title='bbox 813 2411 883 2464; x_wconf 84' lang='lat' dir='ltr'><strong>cuo.</strong></span> <span class='ocrx_word' id='word_1_198' title='bbox 901 2413 963 2462; x_wconf 81' lang='lat' dir='ltr'><strong>Em.</strong></span> <span class='ocrx_word' id='word_1_199' title='bbox 979 2413 1061 2462; x_wconf 87' lang='lat' dir='ltr'><strong>Banm</strong></span> <span class='ocrx_word' id='word_1_200' title='bbox 1082 2419 1137 2466; x_wconf 80' lang='lat'><strong>.-5</strong></span> <span class='ocrx_word' id='word_1_201' title='bbox 1155 2415 1287 2466; x_wconf 80' lang='lat' dir='ltr'><strong>Boxlrorn.</strong></span> <span class='ocrx_word' id='word_1_202' title='bbox 1298 2429 1331 2464; x_wconf 84' lang='lat' dir='ltr'><strong>ex</strong></span> <span class='ocrx_word' id='word_1_203' title='bbox 1344 2427 1400 2464; x_wconf 89' lang='lat' dir='ltr'><strong>oot-</strong></span> 
     </span>
     <span class='ocr_line' id='line_1_24' title="bbox 301 2430 1400 2544; baseline -0.001 -17"><span class='ocrx_word' id='word_1_204' title='bbox 301 2477 517 2541; x_wconf 69' lang='lat' dir='ltr'><strong>ruptariorum,</strong></span> <span class='ocrx_word' id='word_1_205' title='bbox 529 2480 598 2542; x_wconf 82' lang='lat' dir='ltr'><strong>conj.</strong></span> <span class='ocrx_word' id='word_1_206' title='bbox 608 2481 633 2528; x_wconf 93' lang='lat' dir='ltr'><strong>ie</strong></span> <span class='ocrx_word' id='word_1_207' title='bbox 653 2479 746 2528; x_wconf 89' lang='lat' dir='ltr'><strong>endum</strong></span> <span class='ocrx_word' id='word_1_208' title='bbox 757 2493 813 2527; x_wconf 78' lang='lat' dir='ltr'><strong>nam</strong></span> <span class='ocrx_word' id='word_1_209' title='bbox 822 2477 866 2527; x_wconf 76' lang='lat' dir='ltr'><strong>ibi.</strong></span> <span class='ocrx_word' id='word_1_210' title='bbox 898 2477 970 2527; x_wconf 88' lang='lat' dir='ltr'><strong>Med.</strong></span> <span class='ocrx_word' id='word_1_211' title='bbox 982 2481 1007 2526; x_wconf 74' lang='grc'><strong>3.</strong></span> <span class='ocrx_word' id='word_1_212' title='bbox 1019 2487 1046 2528; x_wconf 90' lang='lat' dir='ltr'><strong>et</strong></span> <span class='ocrx_word' id='word_1_213' title='bbox 1059 2430 1149 2544; x_wconf 57' lang='lat' dir='ltr'><strong>grmp.</strong></span> <span class='ocrx_word' id='word_1_214' title='bbox 1161 2480 1205 2529; x_wconf 81' lang='lat' dir='ltr'><strong>oin.</strong></span> <span class='ocrx_word' id='word_1_215' title='bbox 1215 2495 1249 2528; x_wconf 84' lang='lat' dir='ltr'><strong>er.</strong></span> <span class='ocrx_word' id='word_1_216' title='bbox 1258 2479 1339 2529; x_wconf 59' lang='lat' dir='ltr'><strong>eie—ii</strong></span> <span class='ocrx_word' id='word_1_217' title='bbox 1355 2477 1400 2526; x_wconf 87' lang='lat' dir='ltr'><strong>Iu·</strong></span> 
     </span>
     <span class='ocr_line' id='line_1_25' title="bbox 301 2539 1401 2607; baseline 0.001 -17"><span class='ocrx_word' id='word_1_218' title='bbox 301 2552 377 2590; x_wconf 82' lang='lat' dir='ltr'><strong>verro</strong></span> <span class='ocrx_word' id='word_1_219' title='bbox 388 2539 477 2590; x_wconf 85' lang='lat' dir='ltr'><strong>ordine</strong></span> <span class='ocrx_word' id='word_1_220' title='bbox 495 2547 527 2590; x_wconf 84' lang='lat' dir='ltr'><strong>at.</strong></span> <span class='ocrx_word' id='word_1_221' title='bbox 545 2550 603 2593; x_wconf 79' lang='lat' dir='ltr'><strong>mot.</strong></span> <span class='ocrx_word' id='word_1_222' title='bbox 657 2543 699 2591; x_wconf 91' lang='lat' dir='ltr'><strong>ed.</strong></span> <span class='ocrx_word' id='word_1_223' title='bbox 712 2551 775 2604; x_wconf 85' lang='lat' dir='ltr'><strong>trea,</strong></span> <span class='ocrx_word' id='word_1_224' title='bbox 786 2543 865 2591; x_wconf 83' lang='lat' dir='ltr'><strong>Fouc.</strong></span> <span class='ocrx_word' id='word_1_225' title='bbox 877 2542 949 2592; x_wconf 84' lang='lat' dir='ltr'><strong>Cort.</strong></span> <span class='ocrx_word' id='word_1_226' title='bbox 960 2540 1028 2591; x_wconf 86' lang='lat' dir='ltr'><strong>Edd.</strong></span> <span class='ocrx_word' id='word_1_227' title='bbox 1040 2543 1164 2593; x_wconf 79' lang='lat' dir='ltr'><strong>Rom—i</strong></span> <span class='ocrx_word' id='word_1_228' title='bbox 1181 2543 1276 2607; x_wconf 82' lang='lat' dir='ltr'><strong>Copea.</strong></span> <span class='ocrx_word' id='word_1_229' title='bbox 1287 2545 1401 2606; x_wconf 64' lang='lat' dir='ltr'><strong>corticata</strong></span> 
     </span>
     <span class='ocr_line' id='line_1_26' title="bbox 301 2605 1400 2670; baseline 0.002 -16"><span class='ocrx_word' id='word_1_230' title='bbox 301 2610 424 2656; x_wconf 78' lang='lat' dir='ltr'><strong>terea-8</strong></span> <span class='ocrx_word' id='word_1_231' title='bbox 441 2605 510 2655; x_wconf 76' lang='lat' dir='ltr'><strong>Rern</strong></span> <span class='ocrx_word' id='word_1_232' title='bbox 527 2607 655 2656; x_wconf 75' lang='lat' dir='ltr'><strong>Pone-⁹</strong></span> <span class='ocrx_word' id='word_1_233' title='bbox 674 2607 838 2656; x_wconf 72' lang='lat' dir='ltr'><strong>Convenerunt</strong></span> <span class='ocrx_word' id='word_1_234' title='bbox 856 2605 929 2656; x_wconf 85' lang='lat' dir='ltr'><strong>Med.</strong></span> <span class='ocrx_word' id='word_1_235' title='bbox 949 2611 974 2658; x_wconf 90' lang='lat' dir='ltr'><strong>t.</strong></span> <span class='ocrx_word' id='word_1_236' title='bbox 993 2607 1172 2657; x_wconf 74' lang='lat' dir='ltr'><strong>concitaverant</strong></span> <span class='ocrx_word' id='word_1_237' title='bbox 1191 2607 1267 2658; x_wconf 82' lang='lat' dir='ltr'><strong>lluin.</strong></span> <span class='ocrx_word' id='word_1_238' title='bbox 1287 2605 1314 2656; x_wconf 73' lang='lat' dir='ltr'><strong>et</strong></span> <span class='ocrx_word' id='word_1_239' title='bbox 1333 2605 1400 2670; x_wconf 86' lang='lat' dir='ltr'><strong>cop.</strong></span> 
     </span>
    </p>
   </div>
   <div class='ocr_carea' id='block_1_6' title="bbox 798 2733 905 2786">
    <p class='ocr_par' dir='ltr' id='par_1_6' title="bbox 798 2733 905 2786">
     <span class='ocr_line' id='line_1_27' title="bbox 798 2733 905 2786; baseline 0 0"><span class='ocrx_word' id='word_1_240' title='bbox 798 2733 905 2786; x_wconf 76' lang='lat' dir='ltr'>NOTAE</span> 
     </span>
    </p>
   </div>
   <div class='ocr_carea' id='block_1_7' title="bbox 300 2829 1403 4329">
    <p class='ocr_par' dir='ltr' id='par_1_7' title="bbox 300 2829 1403 4329">
     <span class='ocr_line' id='line_1_28' title="bbox 300 2829 1398 2896; baseline 0.002 -16"><span class='ocrx_word' id='word_1_241' title='bbox 300 2843 359 2880; x_wconf 85' lang='lat' dir='ltr'><strong>rum</strong></span> <span class='ocrx_word' id='word_1_242' title='bbox 371 2830 494 2880; x_wconf 82' lang='lat' dir='ltr'><strong>Herculia</strong></span> <span class='ocrx_word' id='word_1_243' title='bbox 505 2831 692 2892; x_wconf 86' lang='lat' dir='ltr'><strong>termiunn,nbi</strong></span> <span class='ocrx_word' id='word_1_244' title='bbox 705 2833 828 2895; x_wconf 85' lang='lat' dir='ltr'><strong>tempium</strong></span> <span class='ocrx_word' id='word_1_245' title='bbox 870 2829 995 2894; x_wconf 87' lang='lat' dir='ltr'><strong>ordinem,</strong></span> <span class='ocrx_word' id='word_1_246' title='bbox 1011 2837 1040 2881; x_wconf 92' lang='lat' dir='ltr'><strong>et</strong></span> <span class='ocrx_word' id='word_1_247' title='bbox 1059 2831 1151 2896; x_wconf 75' lang='lat' dir='ltr'><strong>gratia</strong></span> <span class='ocrx_word' id='word_1_248' title='bbox 1170 2845 1258 2894; x_wconf 80' lang='lat' dir='ltr'><strong>canna,</strong></span> <span class='ocrx_word' id='word_1_249' title='bbox 1273 2843 1289 2880; x_wconf 83' lang='lat' dir='ltr'><strong>a</strong></span> <span class='ocrx_word' id='word_1_250' title='bbox 1302 2831 1398 2882; x_wconf 80' lang='lat' dir='ltr'><strong>Senatu</strong></span> 
     </span>
     <span class='ocr_line' id='line_1_29' title="bbox 302 2905 1400 2976; baseline 0.005 -23"><span class='ocrx_word' id='word_1_251' title='bbox 302 2905 349 2954; x_wconf 83' lang='lat' dir='ltr'><strong>albi</strong></span> <span class='ocrx_word' id='word_1_252' title='bbox 370 2906 515 2976; x_wconf 80' lang='lat' dir='ltr'><strong>coartitalt,</strong></span> <span class='ocrx_word' id='word_1_253' title='bbox 533 2907 687 2971; x_wconf 77' lang='lat' dir='ltr'><strong>adorarique</strong></span> <span class='ocrx_word' id='word_1_254' title='bbox 701 2921 729 2956; x_wconf 82' lang='lat' dir='ltr'><strong>aa</strong></span> <span class='ocrx_word' id='word_1_255' title='bbox 741 2907 829 2970; x_wconf 85' lang='lat' dir='ltr'><strong>juntlt.</strong></span> <span class='ocrx_word' id='word_1_256' title='bbox 870 2909 912 2957; x_wconf 84' lang='lat' dir='ltr'><strong>rei</strong></span> <span class='ocrx_word' id='word_1_257' title='bbox 941 2908 974 2957; x_wconf 85' lang='lat' dir='ltr'><strong>ab</strong></span> <span class='ocrx_word' id='word_1_258' title='bbox 1001 2909 1158 2971; x_wconf 81' lang='lat' dir='ltr'><strong>imperatore</strong></span> <span class='ocrx_word' id='word_1_259' title='bbox 1186 2906 1400 2958; x_wconf 78' lang='lat' dir='ltr'><strong>concedebaturt</strong></span> 
     </span>
     <span class='ocr_line' id='line_1_30' title="bbox 302 2978 1400 3048; baseline 0 -18"><span class='ocrx_word' id='word_1_260' title='bbox 302 2978 390 3030; x_wconf 80' lang='lat' dir='ltr'><strong>Hodie</strong></span> <span class='ocrx_word' id='word_1_261' title='bbox 399 2993 488 3042; x_wconf 84' lang='lat' dir='ltr'><strong>parum</strong></span> <span class='ocrx_word' id='word_1_262' title='bbox 500 2979 635 3030; x_wconf 85' lang='lat' dir='ltr'><strong>immutato</strong></span> <span class='ocrx_word' id='word_1_263' title='bbox 650 2983 752 3032; x_wconf 87' lang='lat' dir='ltr'><strong>nomine</strong></span> <span class='ocrx_word' id='word_1_264' title='bbox 767 2982 831 3032; x_wconf 88' lang='lat' dir='ltr'><strong>diol-</strong></span> <span class='ocrx_word' id='word_1_265' title='bbox 869 2983 987 3048; x_wconf 64' lang='lat' dir='ltr'><strong>haeque</strong></span> <span class='ocrx_word' id='word_1_266' title='bbox 999 2983 1138 3034; x_wconf 85' lang='lat' dir='ltr'><strong>veritimlie</strong></span> <span class='ocrx_word' id='word_1_267' title='bbox 1149 2989 1191 3032; x_wconf 82' lang='lat' dir='ltr'><strong>eat</strong></span> <span class='ocrx_word' id='word_1_268' title='bbox 1209 2985 1400 3046; x_wconf 76' lang='lat' dir='ltr'><strong>impetratam</strong></span> 
     </span>
     <span class='ocr_line' id='line_1_31' title="bbox 303 3056 1388 3110; baseline 0.002 -4"><span class='ocrx_word' id='word_1_269' title='bbox 303 3063 347 3106; x_wconf 86' lang='lat' dir='ltr'><strong>tar</strong></span> <span class='ocrx_word' id='word_1_270' title='bbox 370 3056 444 3106; x_wconf 70' lang='lat' dir='ltr'><strong>caca</strong></span> <span class='ocrx_word' id='word_1_271' title='bbox 465 3058 508 3106; x_wconf 83' lang='lat' dir='ltr'><strong>rei</strong></span> <span class='ocrx_word' id='word_1_272' title='bbox 532 3058 608 3109; x_wconf 67' lang='lat' dir='ltr'><strong>Crdo.</strong></span> <span class='ocrx_word' id='word_1_273' title='bbox 640 3059 678 3108; x_wconf 83' lang='lat' dir='ltr'><strong>Eo</strong></span> <span class='ocrx_word' id='word_1_274' title='bbox 700 3059 750 3109; x_wconf 85' lang='lat' dir='ltr'><strong>loci</strong></span> <span class='ocrx_word' id='word_1_275' title='bbox 771 3059 829 3110; x_wconf 71' lang='lat' dir='ltr'><strong>dna</strong></span> <span class='ocrx_word' id='word_1_276' title='bbox 870 3060 982 3109; x_wconf 77' lang='lat' dir='ltr'><strong>cenare.</strong></span> <span class='ocrx_word' id='word_1_277' title='bbox 1383 3091 1388 3108; x_wconf 91' lang='grc'><strong>.</strong></span> 
     </span>
     <span class='ocr_line' id='line_1_32' title="bbox 302 3131 1400 3197; baseline 0.004 -17"><span class='ocrx_word' id='word_1_278' title='bbox 302 3137 363 3181; x_wconf 86' lang='lat' dir='ltr'><strong>aunt</strong></span> <span class='ocrx_word' id='word_1_279' title='bbox 373 3131 489 3196; x_wconf 63' lang='lat' dir='ltr'><strong>quedem</strong></span> <span class='ocrx_word' id='word_1_280' title='bbox 508 3133 619 3182; x_wconf 81' lang='lat' dir='ltr'><strong>nomlrria</strong></span> <span class='ocrx_word' id='word_1_281' title='bbox 636 3133 726 3184; x_wconf 71' lang='lat' dir='ltr'><strong>inania</strong></span> <span class='ocrx_word' id='word_1_282' title='bbox 745 3134 830 3185; x_wconf 85' lang='lat' dir='ltr'><strong>rtadio</strong></span> <span class='ocrx_word' id='word_1_283' title='bbox 902 3131 913 3164; x_wconf 64' lang='lat' dir='ltr'><strong>i</strong></span> <span class='ocrx_word' id='word_1_284' title='bbox 927 3133 958 3182; x_wconf 78' lang='lat' dir='ltr'><strong>Ia</strong></span> <span class='ocrx_word' id='word_1_285' title='bbox 973 3134 1049 3196; x_wconf 77' lang='lat' dir='ltr'><strong>Uror]</strong></span> <span class='ocrx_word' id='word_1_286' title='bbox 1061 3134 1140 3183; x_wconf 84' lang='lat' dir='ltr'><strong>Varia</strong></span> <span class='ocrx_word' id='word_1_287' title='bbox 1150 3140 1189 3183; x_wconf 86' lang='lat' dir='ltr'><strong>att</strong></span> <span class='ocrx_word' id='word_1_288' title='bbox 1201 3133 1276 3197; x_wconf 84' lang='lat' dir='ltr'><strong>lrrtjun</strong></span> <span class='ocrx_word' id='word_1_289' title='bbox 1288 3135 1337 3184; x_wconf 84' lang='lat' dir='ltr'><strong>loti</strong></span> <span class='ocrx_word' id='word_1_290' title='bbox 1348 3135 1400 3184; x_wconf 84' lang='lat' dir='ltr'><strong>leo·</strong></span> 
     </span>
     <span class='ocr_line' id='line_1_33' title="bbox 302 3207 1400 3271; baseline 0.002 -13"><span class='ocrx_word' id='word_1_291' title='bbox 302 3207 518 3258; x_wconf 86' lang='lat' dir='ltr'><strong>unoabinrieam</strong></span> <span class='ocrx_word' id='word_1_292' title='bbox 531 3215 645 3258; x_wconf 74' lang='lat' dir='ltr'><strong>minuta.</strong></span> <span class='ocrx_word' id='word_1_293' title='bbox 870 3207 921 3258; x_wconf 90' lang='lat' dir='ltr'><strong>tio:</strong></span> <span class='ocrx_word' id='word_1_294' title='bbox 937 3209 982 3258; x_wconf 85' lang='lat' dir='ltr'><strong>alli</strong></span> <span class='ocrx_word' id='word_1_295' title='bbox 1004 3210 1072 3258; x_wconf 86' lang='lat' dir='ltr'><strong>euim</strong></span> <span class='ocrx_word' id='word_1_296' title='bbox 1094 3211 1184 3271; x_wconf 69' lang='lat' dir='ltr'><strong>legunt</strong></span> <span class='ocrx_word' id='word_1_297' title='bbox 1205 3210 1231 3258; x_wconf 83' lang='lat' dir='ltr'><strong>ia</strong></span> <span class='ocrx_word' id='word_1_298' title='bbox 1252 3209 1310 3260; x_wconf 77' lang='lat' dir='ltr'><strong>arde</strong></span> <span class='ocrx_word' id='word_1_299' title='bbox 1329 3209 1400 3259; x_wconf 78' lang='lat' dir='ltr'><strong>eilrat</strong></span> 
     </span>
     <span class='ocr_line' id='line_1_34' title="bbox 334 3283 1399 3348; baseline 0.003 -14"><span class='ocrx_word' id='word_1_300' title='bbox 334 3283 498 3347; x_wconf 63' lang='lat' dir='ltr'><strong>arenam]</strong></span> <span class='ocrx_word' id='word_1_301' title='bbox 516 3283 688 3348; x_wconf 83' lang='lat' dir='ltr'><strong>Partloipinm</strong></span> <span class='ocrx_word' id='word_1_302' title='bbox 709 3289 752 3334; x_wconf 81' lang='lat' dir='ltr'><strong>eat</strong></span> <span class='ocrx_word' id='word_1_303' title='bbox 775 3286 829 3334; x_wconf 83' lang='lat' dir='ltr'><strong>aina</strong></span> <span class='ocrx_word' id='word_1_304' title='bbox 868 3285 999 3346; x_wconf 65' lang='lat' dir='ltr'><strong>consuram,</strong></span> <span class='ocrx_word' id='word_1_305' title='bbox 1013 3287 1055 3348; x_wconf 58' lang='lat' dir='ltr'><strong>de.</strong></span> <span class='ocrx_word' id='word_1_306' title='bbox 1073 3290 1103 3334; x_wconf 91' lang='lat' dir='ltr'><strong>nt</strong></span> <span class='ocrx_word' id='word_1_307' title='bbox 1121 3285 1265 3347; x_wconf 75' lang='lat' dir='ltr'><strong>rennuerit,</strong></span> <span class='ocrx_word' id='word_1_308' title='bbox 1278 3287 1399 3337; x_wconf 82' lang='lat' dir='ltr'><strong>reducem</strong></span> 
     </span>
     <span class='ocr_line' id='line_1_35' title="bbox 304 3357 1401 3422; baseline 0.005 -16"><span class='ocrx_word' id='word_1_309' title='bbox 304 3357 375 3408; x_wconf 88' lang='lat' dir='ltr'><strong>rerbl</strong></span> <span class='ocrx_word' id='word_1_310' title='bbox 400 3359 512 3422; x_wconf 78' lang='lat' dir='ltr'><strong>origiue,</strong></span> <span class='ocrx_word' id='word_1_311' title='bbox 534 3360 625 3409; x_wconf 85' lang='lat' dir='ltr'><strong>naltem</strong></span> <span class='ocrx_word' id='word_1_312' title='bbox 648 3359 754 3416; x_wconf 79' lang='lat' dir='ltr'><strong>unitata,</strong></span> <span class='ocrx_word' id='word_1_313' title='bbox 771 3373 829 3410; x_wconf 86' lang='lat' dir='ltr'><strong>cunr</strong></span> <span class='ocrx_word' id='word_1_314' title='bbox 870 3359 1001 3409; x_wconf 76' lang='lat' dir='ltr'><strong>Cererem</strong></span> <span class='ocrx_word' id='word_1_315' title='bbox 1014 3360 1040 3408; x_wconf 91' lang='lat' dir='ltr'><strong>iu</strong></span> <span class='ocrx_word' id='word_1_316' title='bbox 1054 3360 1119 3410; x_wconf 88' lang='lat' dir='ltr'><strong>urbe</strong></span> <span class='ocrx_word' id='word_1_317' title='bbox 1131 3360 1284 3410; x_wconf 76' lang='lat' dir='ltr'><strong>aemulatae:</strong></span> <span class='ocrx_word' id='word_1_318' title='bbox 1302 3362 1345 3410; x_wconf 85' lang='lat' dir='ltr'><strong>alii</strong></span> <span class='ocrx_word' id='word_1_319' title='bbox 1356 3375 1401 3411; x_wconf 85' lang='lat' dir='ltr'><strong>re-</strong></span> 
     </span>
     <span class='ocr_line' id='line_1_36' title="bbox 303 3433 1402 3502; baseline 0.005 -19"><span class='ocrx_word' id='word_1_320' title='bbox 303 3433 373 3498; x_wconf 85' lang='lat' dir='ltr'><strong>rpnd</strong></span> <span class='ocrx_word' id='word_1_321' title='bbox 382 3434 496 3484; x_wconf 82' lang='lat' dir='ltr'><strong>Gelliam</strong></span> <span class='ocrx_word' id='word_1_322' title='bbox 507 3436 590 3484; x_wconf 84' lang='lat' dir='ltr'><strong>nciam</strong></span> <span class='ocrx_word' id='word_1_323' title='bbox 599 3435 747 3499; x_wconf 81' lang='lat' dir='ltr'><strong>reperiatur</strong></span> <span class='ocrx_word' id='word_1_324' title='bbox 756 3435 830 3498; x_wconf 67' lang='lat' dir='ltr'><strong>‘pen</strong></span> <span class='ocrx_word' id='word_1_325' title='bbox 870 3450 900 3485; x_wconf 93' lang='lat' dir='ltr'><strong>ro</strong></span> <span class='ocrx_word' id='word_1_326' title='bbox 916 3438 1007 3499; x_wconf 75' lang='lat' dir='ltr'><strong>legunt</strong></span> <span class='ocrx_word' id='word_1_327' title='bbox 1019 3440 1050 3486; x_wconf 83' lang='lat' dir='ltr'><strong>od</strong></span> <span class='ocrx_word' id='word_1_328' title='bbox 1062 3439 1192 3502; x_wconf 66' lang='lat' dir='ltr'><strong>aptandos</strong></span> <span class='ocrx_word' id='word_1_329' title='bbox 1200 3439 1315 3500; x_wconf 65' lang='lat' dir='ltr'><strong>tanim</strong></span> <span class='ocrx_word' id='word_1_330' title='bbox 1323 3454 1402 3490; x_wconf 74' lang='lat' dir='ltr'><strong>rernm</strong></span> 
     </span>
     <span class='ocr_line' id='line_1_37' title="bbox 304 3509 1401 3576; baseline 0.006 -18"><span class='ocrx_word' id='word_1_331' title='bbox 304 3509 474 3562; x_wconf 72' lang='lat' dir='ltr'><strong>treduinaeut&#39;</strong></span> <span class='ocrx_word' id='word_1_332' title='bbox 870 3512 1002 3562; x_wconf 72' lang='lat' dir='ltr'><strong>nominet</strong></span> <span class='ocrx_word' id='word_1_333' title='bbox 1022 3512 1049 3560; x_wconf 78' lang='lat' dir='ltr'><strong>in</strong></span> <span class='ocrx_word' id='word_1_334' title='bbox 1068 3513 1134 3575; x_wconf 77' lang='lat' dir='ltr'><strong>ardo,</strong></span> <span class='ocrx_word' id='word_1_335' title='bbox 1148 3515 1189 3576; x_wconf 66' lang='lat' dir='ltr'><strong>do.</strong></span> <span class='ocrx_word' id='word_1_336' title='bbox 1207 3521 1236 3562; x_wconf 92' lang='lat' dir='ltr'><strong>ut</strong></span> <span class='ocrx_word' id='word_1_337' title='bbox 1251 3529 1340 3564; x_wconf 80' lang='lat' dir='ltr'><strong>nectua</strong></span> <span class='ocrx_word' id='word_1_338' title='bbox 1356 3517 1401 3576; x_wconf 84' lang='lat' dir='ltr'><strong>rit,</strong></span> 
     </span>
     <span class='ocr_line' id='line_1_38' title="bbox 333 3583 1401 3652; baseline 0.005 -19"><span class='ocrx_word' id='word_1_339' title='bbox 333 3583 346 3618; x_wconf 58' lang='grc' dir='ltr'>ά</span> <span class='ocrx_word' id='word_1_340' title='bbox 363 3585 395 3633; x_wconf 80' lang='lat' dir='ltr'><strong>la</strong></span> <span class='ocrx_word' id='word_1_341' title='bbox 405 3583 490 3646; x_wconf 79' lang='lat' dir='ltr'><strong>etate]</strong></span> <span class='ocrx_word' id='word_1_342' title='bbox 507 3588 548 3634; x_wconf 79' lang='lat' dir='ltr'><strong>tt.</strong></span> <span class='ocrx_word' id='word_1_343' title='bbox 563 3597 755 3650; x_wconf 67' lang='lat' dir='ltr'><strong>annorumque</strong></span> <span class='ocrx_word' id='word_1_344' title='bbox 765 3585 830 3636; x_wconf 83' lang='lat' dir='ltr'><strong>obiit</strong></span> <span class='ocrx_word' id='word_1_345' title='bbox 870 3585 988 3635; x_wconf 71' lang='lat' dir='ltr'><strong>Gadibus</strong></span> <span class='ocrx_word' id='word_1_346' title='bbox 1003 3587 1145 3636; x_wconf 86' lang='lat' dir='ltr'><strong>etiamnum</strong></span> <span class='ocrx_word' id='word_1_347' title='bbox 1160 3588 1296 3652; x_wconf 74' lang='lat' dir='ltr'><strong>degentem</strong></span> <span class='ocrx_word' id='word_1_348' title='bbox 1307 3591 1401 3640; x_wconf 82' lang='lat' dir='ltr'><strong>romni-</strong></span> 
     </span>
     <span class='ocr_line' id='line_1_39' title="bbox 302 3659 1401 3730; baseline 0.005 -20"><span class='ocrx_word' id='word_1_349' title='bbox 302 3659 460 3712; x_wconf 78' lang='lat' dir='ltr'><strong>Aiexander.</strong></span> <span class='ocrx_word' id='word_1_350' title='bbox 869 3673 943 3710; x_wconf 79' lang='lat' dir='ltr'><strong>aare:</strong></span> <span class='ocrx_word' id='word_1_351' title='bbox 963 3661 1031 3725; x_wconf 88' lang='lat' dir='ltr'><strong>quod</strong></span> <span class='ocrx_word' id='word_1_352' title='bbox 1044 3669 1212 3726; x_wconf 84' lang='lat' dir='ltr'><strong>pontremum,</strong></span> <span class='ocrx_word' id='word_1_353' title='bbox 1229 3672 1401 3730; x_wconf 81' lang='lat' dir='ltr'><strong>praeterquam</strong></span> 
     </span>
     <span class='ocr_line' id='line_1_40' title="bbox 334 3733 1401 3801; baseline 0.003 -15"><span class='ocrx_word' id='word_1_354' title='bbox 334 3733 829 3801; x_wconf 70' lang='lat' dir='ltr'><strong>‘Miariouerrqlloeettdlteedendire-</strong></span> <span class='ocrx_word' id='word_1_355' title='bbox 868 3733 936 3800; x_wconf 84' lang='lat' dir='ltr'><strong>quod</strong></span> <span class='ocrx_word' id='word_1_356' title='bbox 959 3751 974 3786; x_wconf 89' lang='lat' dir='ltr'><strong>a</strong></span> <span class='ocrx_word' id='word_1_357' title='bbox 994 3737 1079 3787; x_wconf 88' lang='lat' dir='ltr'><strong>Dione</strong></span> <span class='ocrx_word' id='word_1_358' title='bbox 1097 3745 1227 3800; x_wconf 84' lang='lat' dir='ltr'><strong>narratur,</strong></span> <span class='ocrx_word' id='word_1_359' title='bbox 1245 3741 1322 3790; x_wconf 84' lang='lat' dir='ltr'><strong>etiam</strong></span> <span class='ocrx_word' id='word_1_360' title='bbox 1339 3753 1401 3789; x_wconf 89' lang='lat' dir='ltr'><strong>rern</strong></span> 
     </span>
     <span class='ocr_line' id='line_1_41' title="bbox 304 3810 1400 3876; baseline 0.002 -15"><span class='ocrx_word' id='word_1_361' title='bbox 304 3812 382 3862; x_wconf 85' lang='lat' dir='ltr'><strong>niam.</strong></span> <span class='ocrx_word' id='word_1_362' title='bbox 414 3812 520 3876; x_wconf 80' lang='lat' dir='ltr'><strong>Triplex</strong></span> <span class='ocrx_word' id='word_1_363' title='bbox 531 3810 632 3862; x_wconf 82' lang='lat' dir='ltr'><strong>mittio:</strong></span> <span class='ocrx_word' id='word_1_364' title='bbox 644 3811 758 3874; x_wconf 71' lang='lat' dir='ltr'><strong>boumn,</strong></span> <span class='ocrx_word' id='word_1_365' title='bbox 770 3825 828 3876; x_wconf 78' lang='lat' dir='ltr'><strong>qnae</strong></span> <span class='ocrx_word' id='word_1_366' title='bbox 869 3811 974 3861; x_wconf 84' lang='lat' dir='ltr'><strong>ridetur</strong></span> <span class='ocrx_word' id='word_1_367' title='bbox 985 3825 1042 3862; x_wconf 82' lang='lat' dir='ltr'><strong>erre</strong></span> <span class='ocrx_word' id='word_1_368' title='bbox 1051 3814 1171 3864; x_wconf 82' lang='lat' dir='ltr'><strong>almillnr:</strong></span> <span class='ocrx_word' id='word_1_369' title='bbox 1191 3813 1320 3863; x_wconf 73' lang='lat' dir='ltr'><strong>Caesarem</strong></span> <span class='ocrx_word' id='word_1_370' title='bbox 1329 3825 1400 3863; x_wconf 91' lang='lat' dir='ltr'><strong>uem·</strong></span> 
     </span>
     <span class='ocr_line' id='line_1_42' title="bbox 303 3886 1403 3953; baseline 0.004 -19"><span class='ocrx_word' id='word_1_371' title='bbox 303 3886 439 3948; x_wconf 86' lang='lat' dir='ltr'><strong>rtlpendiit</strong></span> <span class='ocrx_word' id='word_1_372' title='bbox 450 3887 565 3937; x_wconf 73' lang='lat' dir='ltr'><strong>emeritis</strong></span> <span class='ocrx_word' id='word_1_373' title='bbox 579 3887 613 3937; x_wconf 82' lang='lat' dir='ltr'><strong>ab</strong></span> <span class='ocrx_word' id='word_1_374' title='bbox 624 3887 781 3951; x_wconf 82' lang='lat' dir='ltr'><strong>imperatore</strong></span> <span class='ocrx_word' id='word_1_375' title='bbox 791 3888 829 3938; x_wconf 85' lang='lat' dir='ltr'><strong>ln·</strong></span> <span class='ocrx_word' id='word_1_376' title='bbox 871 3901 904 3951; x_wconf 83' lang='lat' dir='ltr'><strong>pe</strong></span> <span class='ocrx_word' id='word_1_377' title='bbox 919 3889 1009 3938; x_wconf 86' lang='lat' dir='ltr'><strong>eodem</strong></span> <span class='ocrx_word' id='word_1_378' title='bbox 1029 3895 1145 3953; x_wconf 85' lang='lat' dir='ltr'><strong>tempore</strong></span> <span class='ocrx_word' id='word_1_379' title='bbox 1158 3889 1190 3938; x_wconf 85' lang='lat' dir='ltr'><strong>ab</strong></span> <span class='ocrx_word' id='word_1_380' title='bbox 1202 3889 1345 3940; x_wconf 79' lang='lat' dir='ltr'><strong>Alexandri</strong></span> <span class='ocrx_word' id='word_1_381' title='bbox 1357 3889 1403 3938; x_wconf 82' lang='lat' dir='ltr'><strong>ati·</strong></span> 
     </span>
     <span class='ocr_line' id='line_1_43' title="bbox 302 3961 1400 4029; baseline 0.005 -20"><span class='ocrx_word' id='word_1_382' title='bbox 302 3961 438 4024; x_wconf 60' lang='lat' dir='ltr'><strong>&lt;irrigatam</strong></span> <span class='ocrx_word' id='word_1_383' title='bbox 454 3963 580 4024; x_wconf 77' lang='lat' dir='ltr'><strong>cantaria,</strong></span> <span class='ocrx_word' id='word_1_384' title='bbox 596 3969 772 4027; x_wconf 78' lang='lat' dir='ltr'><strong>quapropter</strong></span> <span class='ocrx_word' id='word_1_385' title='bbox 786 3977 830 4012; x_wconf 83' lang='lat' dir='ltr'><strong>va·</strong></span> <span class='ocrx_word' id='word_1_386' title='bbox 869 3964 991 4013; x_wconf 83' lang='lat' dir='ltr'><strong>maiatum</strong></span> <span class='ocrx_word' id='word_1_387' title='bbox 1007 3965 1129 4027; x_wconf 84' lang='lat' dir='ltr'><strong>exemplo</strong></span> <span class='ocrx_word' id='word_1_388' title='bbox 1149 3972 1229 4029; x_wconf 88' lang='lat' dir='ltr'><strong>atque</strong></span> <span class='ocrx_word' id='word_1_389' title='bbox 1244 3965 1343 4015; x_wconf 75' lang='lat' dir='ltr'><strong>somnio</strong></span> <span class='ocrx_word' id='word_1_390' title='bbox 1354 3979 1400 4014; x_wconf 84' lang='lat' dir='ltr'><strong>tuo</strong></span> 
     </span>
     <span class='ocr_line' id='line_1_44' title="bbox 303 4035 1146 4100; baseline 0.005 -16"><span class='ocrx_word' id='word_1_391' title='bbox 303 4035 445 4086; x_wconf 84' lang='lat' dir='ltr'><strong>latudinem</strong></span> <span class='ocrx_word' id='word_1_392' title='bbox 453 4051 469 4086; x_wconf 83' lang='lat' dir='ltr'><strong>a</strong></span> <span class='ocrx_word' id='word_1_393' title='bbox 477 4037 576 4088; x_wconf 79' lang='lat' dir='ltr'><strong>militiae</strong></span> <span class='ocrx_word' id='word_1_394' title='bbox 588 4037 717 4088; x_wconf 82' lang='lat' dir='ltr'><strong>laboribur</strong></span> <span class='ocrx_word' id='word_1_395' title='bbox 726 4038 831 4100; x_wconf 77' lang='lat' dir='ltr'><strong>liberat,</strong></span> <span class='ocrx_word' id='word_1_396' title='bbox 870 4045 1012 4089; x_wconf 81' lang='lat' dir='ltr'><strong>maturatae</strong></span> <span class='ocrx_word' id='word_1_397' title='bbox 1024 4039 1146 4089; x_wconf 84' lang='lat' dir='ltr'><strong>reditum.</strong></span> 
     </span>
     <span class='ocr_line' id='line_1_45' title="bbox 304 4113 1400 4178; baseline 0.004 -17"><span class='ocrx_word' id='word_1_398' title='bbox 304 4119 332 4161; x_wconf 87' lang='lat' dir='ltr'><strong>et</strong></span> <span class='ocrx_word' id='word_1_399' title='bbox 341 4113 519 4176; x_wconf 65' lang='lat' dir='ltr'><strong>ignominiosa,</strong></span> <span class='ocrx_word' id='word_1_400' title='bbox 527 4129 577 4177; x_wconf 85' lang='lat' dir='ltr'><strong>qna</strong></span> <span class='ocrx_word' id='word_1_401' title='bbox 590 4120 698 4178; x_wconf 92' lang='lat' dir='ltr'><strong>propter</strong></span> <span class='ocrx_word' id='word_1_402' title='bbox 708 4115 830 4164; x_wconf 86' lang='lat' dir='ltr'><strong>delictam</strong></span> <span class='ocrx_word' id='word_1_403' title='bbox 902 4121 916 4159; x_wconf 89' lang='lat' dir='ltr'><strong>t</strong></span> <span class='ocrx_word' id='word_1_404' title='bbox 932 4114 1093 4177; x_wconf 68' lang='lat' dir='ltr'><strong>conjectam]</strong></span> <span class='ocrx_word' id='word_1_405' title='bbox 1103 4115 1263 4165; x_wconf 80' lang='lat' dir='ltr'><strong>Somniorum</strong></span> <span class='ocrx_word' id='word_1_406' title='bbox 1271 4115 1400 4178; x_wconf 76' lang='lat' dir='ltr'><strong>interpre·</strong></span> 
     </span>
     <span class='ocr_line' id='line_1_46' title="bbox 304 4189 1094 4252; baseline 0.001 -14"><span class='ocrx_word' id='word_1_407' title='bbox 304 4194 469 4238; x_wconf 87' lang='lat' dir='ltr'><strong>raoramento</strong></span> <span class='ocrx_word' id='word_1_408' title='bbox 494 4190 550 4252; x_wconf 78' lang='lat' dir='ltr'><strong>qrrir</strong></span> <span class='ocrx_word' id='word_1_409' title='bbox 580 4190 698 4240; x_wconf 86' lang='lat' dir='ltr'><strong>roltltnr.</strong></span> <span class='ocrx_word' id='word_1_410' title='bbox 730 4191 831 4240; x_wconf 76' lang='lat' dir='ltr'><strong>Precor</strong></span> <span class='ocrx_word' id='word_1_411' title='bbox 871 4189 1094 4252; x_wconf 61' lang='lat' dir='ltr'><strong>teatettelleato.</strong></span> 
     </span>
     <span class='ocr_line' id='line_1_47' title="bbox 303 4263 1161 4329; baseline -0.001 -11"><span class='ocrx_word' id='word_1_412' title='bbox 303 4265 348 4318; x_wconf 84' lang='lat' dir='ltr'><strong>itan</strong></span> <span class='ocrx_word' id='word_1_413' title='bbox 360 4263 494 4314; x_wconf 75' lang='lat' dir='ltr'><strong>auriono</strong></span> <span class='ocrx_word' id='word_1_414' title='bbox 505 4270 563 4314; x_wconf 83' lang='lat' dir='ltr'><strong>erat</strong></span> <span class='ocrx_word' id='word_1_415' title='bbox 572 4269 600 4314; x_wconf 90' lang='lat' dir='ltr'><strong>et</strong></span> <span class='ocrx_word' id='word_1_416' title='bbox 620 4265 672 4314; x_wconf 83' lang='lat' dir='ltr'><strong>alia</strong></span> <span class='ocrx_word' id='word_1_417' title='bbox 682 4277 739 4329; x_wconf 72' lang='lat' dir='ltr'><strong>qua</strong></span> <span class='ocrx_word' id='word_1_418' title='bbox 753 4273 830 4315; x_wconf 74' lang='lat' dir='ltr'><strong>extra</strong></span> <span class='ocrx_word' id='word_1_419' title='bbox 903 4263 1050 4320; x_wconf 65' lang='lat' dir='ltr'><strong>taluc.</strong></span> <span class='ocrx_word' id='word_1_420' title='bbox 1067 4269 1124 4316; x_wconf 76' lang='lat' dir='ltr'><strong>ose.</strong></span> <span class='ocrx_word' id='word_1_421' title='bbox 1156 4283 1161 4294; x_wconf 95' lang='lat'>·</span> 
     </span>
    </p>
   </div>
   <div class='ocr_carea' id='block_1_8' title="bbox 0 0 1571 4926">
    <p class='ocr_par' dir='ltr' id='par_1_8' title="bbox 0 0 1571 4926">
     <span class='ocr_line' id='line_1_48' title="bbox 0 0 1571 4926; baseline 0 0"><span class='ocrx_word' id='word_1_422' title='bbox 0 0 1571 4926; x_wconf 95' lang='lat' dir='ltr'><strong> </strong></span> 
     </span>
    </p>
   </div>
  </div>
 </body>
</html>
