3216 4918
628 401 818 453 rrnnurus.
1215 391 1281 460 433

190 548 297 608 nutem
314 543 502 610 tribuniciae
518 546 700 626 potestatis
717 551 918 630 tempore„⁰
939 547 1117 614 confessus
1135 548 1278 632 undem,

189 645 270 708 nihil
286 644 376 709 aliud
400 663 534 710 secessu
560 645 728 710 devitasse
752 647 818 724 se,⁶
843 667 943 731 quam
965 649 1186 715 aemuletionie
1202 671 1279 716 cum

189 743 272 808 Caio
297 746 467 829 Lucioque
493 748 733 829 suspicionem,
747 749 856 832 petiit,
871 755 908 812 ut
922 751 990 815 sibi
1009 769 1129 816 securo
1149 750 1220 834 jnrn
1235 753 1278 816 ab

187 843 250 909 hac
278 854 381 928 perte,
412 848 637 912 corroboratis
673 849 736 925 his,
766 858 800 913 et
828 852 1008 916 secrrudnm
1038 852 1150 916 locum
1179 853 1277 916 facile

187 946 423 1024 tutantibus,⁷¹’
448 948 694 1029 permitteretur
716 950 858 1014 revisere
890 951 1165 1030 necessitudines,
1196 973 1278 1036 qun-

186 1064 257 1108 rnm
272 1046 438 1110 desiderio
453 1047 635 1112 teneretur.8
679 1048 747 1115 Sed
762 1067 873 1133 neque
889 1051 1099 1134 impetravitr
1123 1052 1277 1136 ultroque

186 1145 288 1210 etium
317 1146 506 1211 admonitus
527 1153 589 1222 est,
616 1149 816 1214 dimitteret⁹
839 1171 969 1216 omnem
993 1172 1106 1216 curem
1131 1171 1276 1231 suorum,

185 1264 271 1326 quos
286 1255 351 1310 tem
364 1247 485 1328 cupide
499 1247 696 1332 reliquisset.
739 1249 821 1331 [12]
845 1252 1020 1318 Remeusit
1034 1271 1111 1334 ergo
1123 1260 1148 1290 ¹⁰
1162 1251 1277 1318 Rhodi

184 1354 301 1410 contre
326 1348 529 1412 voluntatem
549 1370 558 1427 ;
582 1350 642 1414 vix
671 1371 730 1434 per
759 1361 898 1417 matrem
924 1359 1136 1431 consecutus,
1165 1359 1203 1418 ut
1232 1352 1276 1417 ud

183 1445 360 1512 volandum
375 1448 599 1530 ignominiam,
616 1453 714 1533 quusi
728 1454 861 1536 legatus
873 1455 936 1518 eb¹
956 1451 1117 1536 Augusto,
1133 1453 1275 1517 abesset.

184 1545 361 1612 Enimvero
376 1553 456 1612 tnnc
470 1567 535 1612 non
550 1549 721 1631 privatum
735 1552 849 1631 modo,
865 1553 925 1618 sed
937 1555 1038 1620 etium
1051 1554 1275 1618 obnoxium*

638 1731 815 1752 OWOWO

181 1860 230 1905 -o
247 1855 396 1906 Deritouisse
405 1856 483 1906 vind.
495 1862 518 1906 l.
545 1872 570 1907 se
581 1855 656 1909 deest
671 1860 728 1922 Cuj.
738 1873 768 1908 so
785 1875 913 1924 snprnser.
924 1863 950 1912 iu
961 1859 1058 1910 Medio.
1068 1863 1093 1910 1.
1126 1859 1195 1910 Dein
1205 1860 1276 1922 petit,

180 1927 208 1968 ut
221 1921 323 1982 passim,
334 1922 439 1970 Merum.
453 1921 527 1970 Hrrlr.
537 1922 633 1972 Medic.
646 1927 670 1971 1.
682 1928 707 1972 1.
718 1931 745 1972 et
755 1939 801 1973 sec.
812 1925 851 1984 ui,
863 1927 956 1974 omisso
965 1925 1028 1984 jorn,
1038 1925 1166 1972 Fene—t
1182 1925 1273 1972 ciras·

180 1983 224 2032 stt.
237 1984 362 2033 eViterb·
379 1991 407 2034 et
420 1984 467 2033 Ed·
478 1985 555 2034 Rom.
571 2000 624 2034 sec.
636 1985 744 2037 dederet
756 1988 867 2037 Cessnb.
880 1995 906 2036 et
918 2003 933 2035 e
945 1989 1002 2037 Pul.
1014 1993 1037 2036 1.
1053 1986 1130 2036 Grnt.
1163 1987 1275 2036 Accedit

180 2046 259 2095 Vind-
277 2053 302 2096 2.
320 2063 335 2096 n
354 2062 388 2094 su.
407 2060 446 2109 pr.
465 2048 509 2096 ssd
530 2049 557 2097 in
569 2061 648 2110 marg.
659 2055 747 2099 tutum.
759 2052 828 2112 qrrod
840 2050 981 2100 detendunt
992 2049 1075 2098 Scrlr.
1088 2050 1170 2100 Gron.
1185 2046 1274 2098 Burru.

181 2111 286 2172 aliique,
296 2109 378 2159 eodo.
385 2110 536 2173 juventibus
547 2111 723 2174 plurimu-8
741 2112 866 2164 umus»-
876 2114 950 2164 llnlr.
982 2113 1045 2161 Tum
1057 2115 1144 2175 ultroq.
1156 2126 1206 2160 uon
1219 2114 1273 2162 ido·

179 2187 255 2221 netrrn
267 2186 368 2221 sensum
380 2172 518 2223 admittere
537 2175 688 2237 pronuntiet
699 2176 781 2224 Boxlr.
793 2177 931 2240 conjiciens
941 2178 1005 2226 ultra
1017 2181 1126 2238 ραι-9
1145 2175 1273 2225 Dimitters

179 2236 275 2296 tegitur
285 2237 310 2284 ln
321 2237 384 2285 Mes.
396 2236 480 2286 Pulm.
490 2237 578 2288 Burni.
591 2239 784 2301 ntruqneVlud.
795 2248 822 2289 et
833 2241 900 2290 Edd.
912 2243 984 2290 Vert.
999 2240 1160 2301 pruteans.
1170 2238 1271 2300 Gryph.

178 2301 267 2349 Plent.
277 2301 350 2349 Torr.
361 2300 470 2349 Cessnb.
480 2313 553 2364 seqq.
564 2303 709 2366 lrslrentque
721 2303 827 2352 Momm.
837 2303 934 2354 Medic.
945 2304 1005 2364 dno,
1016 2304 1088 2352 Cort.
1097 2303 1171 2352 Voss.
1181 2303 1271 2365 Cnrnp.

177 2363 210 2412 lu
230 2363 326 2413 Medio.
340 2368 363 2411 1.
381 2364 461 2414 Polit.
477 2370 503 2412 ut
519 2365 722 2414 dictitaret-lo
739 2366 821 2427 Igitur
839 2381 927 2416 ornnes
947 2367 1045 2416 Medic.
1056 2379 1113 2415 curn
1126 2365 1181 2428 an.
1194 2367 1272 2415 Fene.

178 2428 295 2477 Dru-l
315 2428 408 2476 Exulet
419 2427 449 2478 ni
460 2441 474 2476 s
485 2428 591 2478 Momm.
603 2429 661 2478 Pel.
672 2434 695 2478 1.
708 2430 781 2479 Voss.
798 2437 826 2480 et
841 2430 1012 2494 abjiciendum
1028 2429 1102 2478 duxit
1113 2427 1191 2477 Wolf.
1204 2443 1270 2490 prn-

178 2498 255 2540 cnuts
268 2489 339 2553 Llps.
360 2492 433 2540 Torr.
445 2505 477 2540 ex
490 2506 539 2540 uno
548 2493 611 2541 cod.
623 2492 730 2554 prefert
741 2495 958 2556 kenturdegusti,
967 2493 1110 2556 probetque
1118 2492 1194 2542 Grnt.
1206 2493 1270 2541 Mox

177 2558 202 2602 st
211 2555 296 2603 mino.
308 2554 405 2605 Medic.
415 2559 440 2604 1.
472 2557 538 2605 'l'um
556 2557 669 2620 priuatim
688 2557 737 2607 Ed.
755 2557 845 2622 (lump.
878 2559 909 2606 lu
924 2566 980 2621 opt.
996 2558 1072 2607 Torr.
1087 2556 1271 2618 prinmodose,

166 2619 276 2690 'ssd—2
295 2618 389 2668 Oinoe.
400 2619 461 2669 rein
478 2633 558 2684 merg.
572 2617 639 2670 Edd.
650 2621 709 2669 Bes.
722 2621 822 2685 Gryph.
834 2621 1000 2687 elisurmqne,
1016 2620 1061 2670 sed
1073 2619 1170 2670 rectius
1182 2619 1271 2668 abesse

667 2763 774 2815 NOTAE

208 2864 226 2892 ¹¹
243 2859 431 2924 Brundisinique]
452 2859 545 2910 liiebst
555 2861 622 2910 enin
635 2861 703 2910 inter
743 2868 899 2924 potestatem
910 2876 967 2912 esur
979 2875 1029 2910 non
1041 2859 1130 2915 fuisse,
1143 2874 1191 2921 qun
1211 2861 1269 2909 Tri·

176 2930 305 2989 sinentes,
317 2935 393 2984 tnitso
408 2935 505 2996 libello,
516 2950 592 2998 quem
604 2935 662 2984 ideo
673 2935 701 2982 li·
742 2937 803 2984 irrui
815 2938 908 3001 plebis,
927 2945 1012 2986 rtsnte
1031 2935 1183 2997 Republica,
1201 2934 1269 2984 irue-

176 3005 272 3057 bsllum
283 3009 384 3071 repudii
396 3009 526 3059 dicebaut.
742 3009 848 3059 buntur:
874 3010 899 3058 lri
915 3009 1052 3074 siquidem,
1069 3016 1097 3058 ut
1115 3015 1217 3058 constet
1235 3023 1275 3070 er,

206 3089 219 3112 ¹²
235 3081 318 3142 Dorso]
335 3082 612 3146 Deiisiutelligitquae
623 3084 702 3133 Tibe·
743 3086 867 3148 Dionysio
900 3085 1096 3135 Helicsrnnsseo
1126 3089 1154 3131 et
1185 3078 1268 3144 Livio,

175 3154 228 3204 rius
247 3154 383 3217 uliqueudo
404 3156 481 3206 Julius
502 3157 621 3216 dederet,
642 3159 701 3221 qrris
741 3172 812 3206 strum
831 3167 987 3221 potestatem
1006 3167 1081 3206 extre
1098 3154 1195 3204 Urbem
1216 3169 1267 3203 non

175 3228 314 3280 delicatum
326 3243 427 3280 omnem
439 3232 536 3280 cultum
548 3231 605 3280 huic
615 3231 701 3280 edern-
740 3231 905 3281 exercebunt.

175 3309 230 3353 tum
242 3302 318 3365 dixit,
329 3318 409 3368 supra
420 3305 446 3354 in
458 3303 575 3368 Augusto
592 3319 650 3367 cup.
660 3309 701 3354 dt·
772 3313 785 3346 Ρ
806 3305 946 3354 dictantibus
967 3301 1134 3368 [Constitue]
1162 3303 1266 3352 Beroni-

173 3377 229 3429 Aut
238 3380 317 3429 etiem
326 3378 359 3428 de
367 3379 471 3446 iis,qure
480 3380 614 3444 repudiate
623 3394 700 3443 prop·
740 3381 787 3429 dus
806 3395 837 3429 ac
854 3380 966 3428 nounrrlli
987 3377 1098 3436 codices,
1115 3391 1178 3440 quos
1196 3377 1267 3426 inter

175 3457 216 3502 ter
236 3453 391 3504 adulterium
413 3469 479 3504 uxor
504 3455 585 3503 inuito
608 3455 700 3504 merito
739 3455 918 3512 Memmisuus,
945 3455 1033 3516 legunt
1055 3450 1196 3508 tutantibus,
1222 3450 1266 3498 elii

174 3540 279 3579 seruere
290 3543 339 3578 nun
352 3535 471 3592 poternts
491 3529 700 3593 qrrodn'l'iberiu
739 3530 886 3580 turonibus.
919 3529 978 3578 Hoc
998 3527 1112 3577 seruerit
1138 3525 1265 3576 Csseubo·

175 3600 294 3652 lubenter
302 3603 509 3656 iuctnnruidetur
517 3605 542 3654 in
553 3606 701 3654 memorium
741 3619 798 3666 uus,
808 3605 875 3668 quod
889 3619 938 3652 vox
950 3619 980 3652 cs
991 3602 1112 3652 Sallustio
1133 3609 1160 3648 et
1175 3600 1266 3648 'licito

174 3677 269 3741 prioris
281 3679 348 3728 illius
359 3681 513 3742 concordlae,
521 3681 554 3730 de
564 3695 612 3745 qun
624 3696 702 3744 supro
741 3676 872 3727 familiaris
884 3685 930 3732 est,
942 3691 1086 3740 qrrnuqunm
1102 3683 1175 3724 certe
1186 3679 1265 3722 tuton·

174 3766 199 3802 c.
212 3756 237 3801 1.
249 3752 347 3801 locutus
356 3763 412 3802 ost:
430 3769 479 3804 nec
487 3754 650 3804 referendum
663 3757 700 3805 ul·
740 3754 802 3802 titus
824 3760 928 3802 tuentur
947 3751 1063 3800 Terentii
1085 3758 1113 3801 et
1133 3748 1265 3799 Ciceronis

173 3827 275 3876 lstenus
292 3827 395 3876 ridetur
413 3829 445 3878 ud
463 3829 613 3878 donationes
633 3829 701 3880 inter
738 3829 887 3888 auotoritas,
898 3840 1008 3876 nonuno
1020 3827 1047 3876 iu
1060 3827 1124 3876 loco.

175 3902 256 3951 virum
268 3909 296 3950 et
308 3913 422 3950 uxorem.
770 3909 783 3944 t
796 3901 941 3962 obnoxium]
955 3901 1012 3952 llos
1024 3909 1074 3958 est,
1091 3901 1199 3964 nllcnjns
1210 3899 1264 3949 cul·

207 3985 219 4030 t
236 3975 269 4025 Α.
278 3977 311 4024 U.
323 3975 353 4025 C.
366 3979 423 4025 tun.
738 3990 779 4040 pae
792 3978 832 4024 vel
843 3977 995 4039 suspicionis
1006 3989 1083 4026 ceusu
1095 3977 1204 4026 invisum
1220 3981 1265 4025 rut

206 4050 699 4116 ⁰Trr'brurs'riupotertctistempore]Quin-
737 4053 820 4101 minus
831 4058 948 4115 gratum:
965 4067 1015 4117 quo
1027 4065 1100 4100 sensu
1112 4051 1210 4100 dictum
1223 4057 1265 4098 est

176 4127 286 4190 qurenuio
297 4126 407 4192 scilicet,
415 4135 444 4178 ut
454 4129 480 4178 ln
490 4128 541 4177 line
550 4128 698 4191 praeceuen-
738 4140 817 4191 snprs
827 4127 853 4184 'ur
862 4127 880 4177 J
883 4126 934 4176 ulio
948 4141 972 4176 e.
991 4130 1030 4177 14.
1048 4127 1147 4177 cavisse
1157 4125 1264 4174 Senato-

176 4202 218 4251 tis.
251 4201 320 4251 ilinc
338 4209 420 4265 petet,
439 4202 611 4253 Tribuniciem
630 4203 698 4252 illurn
739 4217 789 4266 res,
810 4216 842 4253 ne
860 4199 955 4251 homiui
975 4200 1087 4252 obnoxio
1112 4201 1263 4250 striderent.

239 4281 361 4346 Dstpi.et
375 4283 433 4334 Vnr.
443 4283 508 4332 cles.
672 4280 770 4331 Sestos.
1145 4282 1161 4329 i
1177 4281 1200 4328 E
