3120 4926
294 422 337 484 10
644 431 1052 482 truncentur-cuneo

292 585 330 644 nt
351 576 569 644 transcribere
590 575 692 640 etiam
713 583 749 639 et
769 574 898 639 calamo
919 581 1067 658 repetere
1083 573 1194 657 turpia
1209 574 1312 638 verb'a
1324 589 1384 656 po·

293 680 378 744 dest.

338 779 419 844 Fuit
442 787 554 843 autern
573 781 713 857 animm,
735 797 799 843 non
814 797 892 843 cum
907 777 1136 862 superioribus
1149 777 1384 860 interpretibus

276 881 336 968 de
347 881 539 946 eruditionis
547 881 735 965 judiciique
749 882 861 965 palma
875 880 1056 956 decertare,
1071 877 1162 961 quod
1176 879 1210 943 iu
1220 878 1383 942 Suetonio
1404 918 1408 924 ,

292 983 438 1047 muime
453 1001 592 1048 summae
615 983 813 1064 arrogantiae
839 987 929 1046 esset
950 987 983 1044 et
1007 979 1211 1056 temeritatis,
1235 979 1293 1043 sed
1309 997 1384 1044 eam

293 1083 449 1148 exhibere
469 1084 625 1148 Suetonii
649 1083 840 1161 editionem,
860 1101 936 1166 qum
960 1091 995 1148 ot
1015 1081 1185 1164 magistris
1200 1081 1234 1144 io
1246 1080 1385 1163 publica

292 1185 515 1264 institutione,
529 1189 561 1250 ot
582 1185 843 1250 adolescentulis
867 1185 1025 1266 ullisque,
1044 1184 1102 1268 qni
1122 1185 1230 1247 miuus
1243 1182 1385 1264 impedi-

291 1292 360 1350 tam
374 1287 473 1371 hujus
485 1287 659 1369 scriptoris
672 1292 833 1368 cuperent
846 1285 1037 1360 lectionem,
1052 1285 1094 1348 iis
1103 1283 1245 1366 denique
1257 1281 1385 1347 suffice·

292 1395 354 1464 ret,
376 1388 435 1470 qui
459 1389 561 1451 animi
584 1389 689 1469 magis
706 1386 899 1452 oblectandi
916 1385 1080 1468 vadisque
1095 1379 1303 1468 antiquitatis
1317 1384 1386 1448 tbe·

293 1488 402 1550 saunis
425 1487 622 1564 instruendi,
647 1505 747 1570 quam
769 1487 975 1552 reconditam
993 1484 1178 1550 doctricem
1192 1484 1385 1568 aucupandi

293 1587 437 1652 consilio
462 1588 504 1653 ad
528 1609 601 1653 eum
625 1588 863 1652 accessissent.
908 1587 961 1652 Ita
982 1588 1051 1650 lieri
1070 1605 1136 1650 non
1158 1587 1286 1667 potnit,
1306 1587 1385 1667 qnia

293 1688 401 1752 multa
420 1689 606 1772 repetenda
627 1687 827 1760 riderentur,
849 1707 926 1771 quae
941 1689 999 1754 ulii
1011 1687 1085 1771 jam
1100 1687 1268 1769 copiosius
1281 1705 1387 1770 expo·

295 1788 449 1863 scissent,
475 1789 621 1872 quodsi
646 1789 703 1873 qui
727 1790 856 1854 crimini
879 1789 960 1854 milri
984 1788 1129 1853 dandum
1150 1787 1387 1864 existimarent,

293 1890 476 1954 maximam
492 1909 572 1954 sane
586 1890 738 1973 injuriam
753 1890 910 1955 lacerent.
954 1888 1042 1967 Quis
1060 1889 1147 1952 enim
1169 1907 1260 1952 rrova
1273 1889 1387 1952 omnic

292 1995 431 2073 expetet
444 1991 480 2055 in
491 1990 639 2056 editione
649 1992 824 2075 scriptoris
833 1993 1019 2058 sexcenties
1029 1991 1185 2074 repetiti?
1208 1993 1310 2055 immo
1321 1991 1385 2054 nti·

293 2091 360 2156 lius
374 2093 484 2171 luerit,
496 2093 839 2176 eligerseximmeusa
852 2095 964 2176 copia,
979 2113 1057 2176 qum
1073 2093 1116 2158 ad
1130 2111 1199 2156 rem
1211 2092 1386 2174 plurimum

293 2191 431 2270 iaciant,
447 2193 572 2259 dilectu
587 2195 764 2278 prudenter
777 2195 944 2271 instituto,
957 2194 1106 2270 resectis,
1123 2211 1200 2275 quoe
1220 2193 1388 2257 recentior

293 2299 377 2360 aetas
398 2296 602 2380 repudiauit,
618 2296 757 2366 additis,
775 2315 851 2378 quae
868 2297 992 2360 rectius
1014 2313 1103 2358 nuno
1124 2295 1281 2378 exposite
1296 2299 1385 2372 snut,

294 2395 327 2458 in
356 2395 591 2477 compendium
616 2396 766 2479 redigere
789 2397 955 2478 longiores
979 2395 1020 2459 do
1046 2395 1211 2460 nonnullis
1231 2395 1316 2460 locis
1337 2395 1388 2460 rel

293 2497 393 2562 rebus
408 2496 669 2578 disputationes,
684 2505 718 2562 et
731 2498 787 2562 obi
802 2498 1037 2562 sententiarmn
1049 2496 1227 2562 diversitos
1248 2495 1386 2574 eccidit,

279 2597 441 2673 omissis,
454 2615 533 2679 ques
547 2597 636 2662 salsa
653 2605 689 2662 et
711 2599 825 2681 inepta
848 2599 950 2662 etiarn
971 2597 1176 2663 doctissimis
1196 2597 1387 2662 bominibus

296 2697 556 2774 excidentium
566 2700 779 2781 omniumque
795 2700 930 2782 punctis
945 2700 1088 2782 probata
1102 2719 1145 2764 ea
1156 2701 1323 2764 brevitate
1332 2715 1388 2762 eo·

295 2817 360 2881 qne
378 2799 493 2863 ordine
509 2799 639 2877 referre,
656 2800 711 2882 qui
728 2818 806 2864 rere
816 2807 849 2865 et
861 2799 1019 2883 expedita
1034 2797 1261 2884 querentibus
1276 2817 1387 2883 prom-

294 2899 390 2964 tioris
414 2902 615 2982 cognitionis
637 2908 671 2966 et
689 2901 849 2971 facilioris
868 2900 989 2985 judicii
1011 2903 1141 2985 copiam
1164 2901 1275 2966 iaciat.
1321 2899 1386 2978 Ita,

294 3019 372 3065 cnm
392 3019 587 3084 persuasura
601 3002 770 3080 haberem,
794 3005 903 3068 miuus
917 3004 1053 3087 quidem
1067 3003 1228 3086 gloriolae,
1243 3021 1320 3086 quse
1342 3021 1387 3066 ex

294 3103 443 3168 novitate
458 3105 625 3186 quaeritur,
649 3105 796 3170 maxime
816 3111 925 3171 antem
936 3105 1080 3170 utilitati
1094 3105 1235 3182 consuli,
1254 3113 1290 3168 et
1301 3105 1387 3170 lmuc

295 3219 397 3266 unam
427 3203 495 3268 fere
517 3206 643 3269 uostris
668 3207 870 3288 temporibus
888 3213 1078 3291 nostraeque
1101 3224 1212 3289 operes
1234 3204 1387 3269 relictam

294 3321 369 3370 esse
382 3303 529 3383 landem,
550 3313 587 3370 et
604 3307 715 3389 ipsam
737 3313 846 3371 brnen
859 3306 949 3370 baud
963 3307 1034 3372 siue
1048 3309 1162 3372 labore
1175 3314 1212 3371 et
1225 3306 1388 3372 industria

294 3405 553 3485 comparandam
566 3425 576 3486 ς
598 3405 641 3469 ad
666 3407 751 3471 huuc
771 3406 872 3471 finem
886 3426 1002 3473 omnes
1017 3409 1106 3473 vires
1119 3425 1210 3472 meas
1225 3409 1387 3486 converti,

294 3510 331 3568 et
350 3504 553 3586 judicabunt
574 3505 730 3584 sortasse,
754 3509 813 3590 qui
836 3509 1043 3591 diligentiore
1065 3511 1219 3574 examine
1239 3510 1387 3574 laborem

294 3623 404 3670 meum
419 3605 545 3687 dignati
555 3605 687 3687 fuerint,
701 3627 767 3673 oon
781 3610 959 3675 festinante
974 3610 1085 3675 auimo
1095 3615 1196 3694 atque
1211 3610 1322 3676 modio
1333 3629 1387 3674 me

294 3705 329 3770 iu
345 3723 386 3770 eo
401 3704 505 3770 inisse
518 3716 698 3786 versatum,
721 3727 830 3793 neque
844 3711 951 3774 aliena
966 3711 1067 3775 modo
1087 3718 1290 3789 recantasse,
1312 3711 1387 3789 scd,

295 3807 353 3870 nbi
375 3808 654 3890 acquiescendum
677 3811 777 3876 etiem
799 3812 834 3875 in
862 3809 1047 3875 doctiorum
1068 3811 1234 3876 hominnm
1255 3812 1387 3897 judicio

295 3915 398 3990 utque
412 3909 610 3975 auctoritate
623 3917 724 3988 esset,
737 3911 884 3995 propriis
894 3919 1002 3977 tamen
1013 3913 1122 3978 oculis
1132 3913 1268 3989 vidisse,
1283 3931 1388 3995 usqne

293 4005 352 4070 nlli
368 4005 538 4072 industriae
562 4012 767 4093 pepercisse,
790 4031 868 4095 quoe
891 4015 1082 4078 necessaria
1102 4013 1294 4077 adnostros
1308 4014 1387 4077 ruti·

297 4127 379 4172 ones
402 4106 578 4172 rideretur.
619 4111 779 4177 Accessit
800 4119 909 4178 tamen
927 4113 1007 4178 huic
1021 4114 1161 4180 editioni
1176 4115 1386 4180 commenda·

297 4208 347 4273 tio
367 4228 412 4274 ex
435 4208 562 4289 eadem,
578 4231 677 4294 quam
701 4221 801 4282 autea
822 4215 1016 4300 peamau,
1030 4215 1103 4282 Gel.
1116 4215 1250 4292 titillari
1270 4217 1387 4282 borna»
1517 4291 1521 4296 ,
