3208 4918
646 429 843 483 ocrnvrus.
1231 421 1295 487 351

204 581 237 638 et
251 573 294 637 nb
309 573 376 636 imo
392 571 661 647 deductiorem‚⁶¹
674 577 819 640 colorem
834 577 924 652 inter
940 577 1086 661 aquilum
1101 578 1292 644 candidum-

204 695 280 758 que,
296 684 309 710 ⁵
324 681 481 739 staturum
497 678 639 753 brevem,
659 681 772 760 (quam
786 685 896 742 tumen
910 679 1024 743 Julius
1039 680 1214 746 Marathus
1227 691 1239 730 ⁷
1255 683 1296 744 li·

203 776 315 838 bertus
341 777 374 839 in
400 777 576 841 memorieb
595 777 669 860 ejus
690 779 838 862 quinque
864 779 1005 861 pedumc
1031 787 1064 843 et
1093 780 1297 846 dodrantis‘¹

201 873 309 940 luisse
323 876 453 959 trudit)
467 878 524 941 sed
540 899 615 961 qum
631 878 865 943 commoditate
883 886 916 943 et
931 880 1112 964 oequitate⁸
1128 883 1290 947 membro·

203 990 276 1040 rum
291 976 507 1053 occuleretur,
528 985 566 1043 ut
587 980 718 1042 nonnisi
731 999 775 1043 ex
801 983 1049 1062 comparatione
1071 983 1211 1046 astantis
1232 983 1298 1048 ali-

203 1077 298 1159 cujus
328 1080 525 1162 procerioris
550 1081 689 1163 intelligi
711 1087 836 1164 posset.
871 1081 953 1164 [811]
976 1081 1124 1165 Corpore
1153 1084 1292 1149 traditur

203 1177 390 1255 maculoso,
404 1179 567 1262 dispersis
582 1201 639 1263 per
655 1187 798 1264 pectus⁹
813 1191 912 1264 utque
925 1184 1036 1246 alvum
1058 1182 1213 1265 genitivis
1235 1204 1295 1249 uo·

204 1279 260 1358 tis,
275 1279 310 1342 iu
324 1278 458 1346 modum
472 1287 505 1345 et
529 1282 672 1346 ordinem
691 1301 731 1347 ac
756 1303 924 1348 numerum
947 1283 1116 1348 stellarum
1141 1285 1294 1350 coelestis

660 1475 842 1498 somnum

203 1601 298 1649 retinet
309 1600 396 1650 Burro.
407 1599 549 1649 secedente
560 1597 637 1648 uolt.
655 1599 824 1655 HabstCort,
832 1601 1045 1664 capillumque-u
1055 1601 1207 1650 Edrodorem
1219 1601 1294 1652 lluls.

203 1663 267 1712 Mox
276 1669 435 1726 naturamque
447 1664 523 1713 Vlud.
535 1669 557 1712 1.
568 1672 594 1712 et
604 1670 717 1726 quonium
728 1663 784 1712 Pel.
796 1667 818 1712 l.
830 1678 875 1726 pro
891 1680 930 1728 qu.
940 1668 1076 1713 tomam-'l
1093 1665 1205 1714 Muretus
1214 1665 1294 1716 Viud.

203 1732 227 1777 l.
249 1729 324 1777 Vilius
346 1728 472 1776 Moruoltue
491 1728 568 1776 Fcuc.
585 1727 652 1776 Tium
664 1729 690 1775 iu
711 1727 805 1790 Vutqg.
825 1729 891 1777 Edd.
909 1729 935 1776 is
950 1729 1084 1776 messorum
1095 1729 1124 1788 (γ’.
1147 1728 1293 1779 Abestims

202 1791 307 1841 Memor.
319 1792 416 1842 Medic.
426 1796 450 1840 2.
461 1791 535 1840 Voss.
546 1793 614 1840 Duc.
627 1801 655 1840 et
671 1791 729 1852 cuj.
741 1791 808 1840 uude
820 1790 934 1840 faciebat
944 1793 1026 1842 Grou.
1043 1793 1085 1840 tit.
1096 1792 1163 1841 Arta
1173 1794 1198 1842 ira
1208 1807 1295 1842 memo·

201 1855 239 1903 rio
250 1857 279 1916 qi.
292 1855 361 1918 Lips.
374 1857 456 1904 Elect.
469 1869 487 1903 r.
501 1859 540 1904 tu.
552 1856 664 1916 conjecit
682 1855 723 1904 lib.
735 1861 759 1904 et
773 1871 788 1904 o
804 1856 915 1904 meumrr'o
933 1856 964 1914 ei.
983 1870 1059 1919 quam
1077 1857 1294 1916 emendationem,

202 1934 258 1967 eum
271 1919 304 1970 ad
316 1935 385 1968 oram
398 1919 446 1968 Ed.
456 1919 558 1982 Grypb.
569 1923 640 1968 tots.
651 1919 793 1968 invenisset
802 1921 948 1982 ascriptam,
959 1920 1077 1982 probarit
1091 1919 1152 1968 Ern.
1165 1935 1292 1970 commen·

202 1983 298 2047 datque
313 1982 390 2032 Wott.
416 1983 535 2032 Praetntit
547 1983 659 2032 Ceserrb.
670 1997 752 2042 susm,
772 1983 814 2033 lib.
830 1983 855 2032 iu
873 1983 984 2033 mmorio
997 1984 1054 2031 oitoe
1065 1984 1124 2043 ejus,
1135 1981 1292 2048 suffragante

202 2046 305 2096 Rubuk.
322 2048 404 2096 Feret
416 2047 485 2096 Oud.
497 2047 649 2107 Cauueqiet.
666 2047 778 2108 eonjeet.
796 2047 822 2094 in
839 2048 917 2096 Misc.
930 2047 996 2097 Obs.
1010 2047 1040 2094 V.
1055 2060 1094 2095 vr.
1107 2053 1126 2094 t.
1141 2051 1164 2094 s.
1179 2048 1292 2111 legentis

199 2110 297 2170 sedjnm
308 2111 422 2160 inmemor
432 2111 461 2170 (γ’.
473 2111 512 2158 vel
525 2112 610 2172 potius
620 2111 661 2158 sed
672 2115 695 2158 et
706 2109 877 2170 inmemorjom
888 2112 966 2172 cyfi—8
985 2111 1061 2172 Legit
1072 2109 1180 2158 &serub
1194 2114 1291 2174 oequoii·

201 2179 257 2222 tote.
283 2175 350 2224 Delu
366 2175 538 2238 conspiratione
553 2175 612 2237 Cuj.
630 2181 658 2224 et
674 2173 736 2222 utus
755 2173 869 2238 Cep-9
888 2175 977 2237 Corpus
994 2173 1093 2224 Medic.
1106 2177 1130 2221 1.
1146 2177 1293 2236 acgeuetio.

668 2359 670 2370 '
688 2350 796 2402 NOTAE

206 2484 208 2488 '
234 2488 244 2514 ¹
263 2479 353 2529 Nasum
368 2485 393 2530 et
407 2497 422 2530 a
438 2497 528 2531 emmo
540 2478 731 2538 eminentiorem,
763 2482 884 2543 memorio,
903 2488 933 2530 ut
944 2483 978 2530 sit
988 2494 1088 2542 seusus,
1099 2481 1246 2531 Merathum
1261 2483 1292 2532 il·

202 2560 226 2604 et
236 2557 266 2604 ob
278 2557 325 2604 imo
338 2557 507 2622 deductionem]
525 2558 632 2608 liecurt
644 2557 727 2607 ferme
765 2557 817 2605 lum
832 2555 948 2622 Augusto
964 2555 1042 2604 finisse
1057 2571 1071 2603 e
1089 2555 1183 2604 libellis
1199 2571 1293 2606 memo·

203 2633 343 2693 aquilinum
354 2633 516 2695 Cssuubonc,
525 2634 573 2682 uisi
584 2633 652 2697 quod
666 2633 728 2682 ‘de·
766 2632 882 2690 rialibus,
893 2631 1106 2696 quemadmodum
1126 2632 1150 2678 iu
1169 2630 1241 2681 Julio
1258 2633 1293 2681 ‘e

203 2705 363 2755 ductiorem'
379 2707 727 2770 interpreteturnmbo,boc
767 2706 857 2755 urnuu'
883 2722 971 2756 servus
994 2707 1078 2756 dictus
1100 2714 1139 2754 est
1160 2721 1184 2754 e.
1207 2709 1247 2756 74.
1265 2715 1293 2757 et

204 2789 253 2837 est,
265 2787 374 2831 tenuem:
390 2797 441 2846 quo
452 2797 526 2832 sensu
538 2784 604 2834 dixit
616 2785 728 2848 Pompo·
765 2781 773 2809 ¹
785 2779 965 2831 amanuensis'
989 2781 1054 2844 Aug.
1070 2785 1111 2830 ot.
1127 2781 1159 2829 ‘a
1179 2781 1274 2832 libellis
1286 2784 1294 2806 ⁹

203 2857 260 2906 ulus
268 2861 276 2884 ⁴
285 2871 374 2905 uocem
383 2857 531 2913 deuncem:
544 2859 590 2908 hcc
599 2867 649 2922 eat,
657 2869 729 2909 teuu-
766 2854 835 2904 inira
844 2858 954 2906 Neruo.
964 2857 1031 2919 quod
1040 2871 1088 2904 nee
1097 2855 1233 2906 Torrentio
1243 2858 1294 2907 dis·

202 2945 242 2980 eur
250 2932 317 2980 illam
325 2933 356 2980 ad
366 2923 728 2997 mirlierlsmodumeffingeie,
768 2931 849 2994 plicet
860 2945 943 2995 neque
955 2931 1122 2980 casaubono:
1141 2931 1200 2980 lruie
1209 2938 1293 2982 temen

203 3007 311 3055 ‘rocem
324 3006 438 3056 deducas
449 3015 561 3070 oportet,
572 3017 600 3058 ut
615 3009 728 3058 mulieris
768 3021 813 3056 sua
824 3007 905 3070 mugio
925 3007 1020 3070 plseet,
1037 3021 1114 3070 quum
1135 3007 1215 3069 Lipsil
1232 3021 1292 3056 con-

204 3081 341 3130 uidesntur
360 3081 455 3130 verba!
488 3081 540 3132 Alli
558 3084 647 3133 solunt
663 3083 727 3131 ‘de·
762 3083 876 3144 jecturs,
894 3083 990 3146 legenti
1005 3083 1030 3130 iu
1048 3081 1158 3130 memorio
1168 3083 1225 3129 oitoe
1235 3082 1293 3142 eius,

203 3155 362 3204 doctiorem·
373 3157 673 3220 essedepressloremseu
683 3158 727 3207 de·
767 3165 796 3206 ut
807 3157 966 3221 intelligatur
974 3157 1107 3204 Marutlrus
1118 3155 1161 3204 ille
1170 3156 1292 3219 quosdam

202 3229 728 3296 rnisslorem,uteminentioricpponatur3
767 3233 799 3283 de
816 3232 925 3296 Augusti
945 3233 997 3281 ulte
1015 3231 1146 3295 scripsisse
1165 3245 1293 3281 commen·

203 3305 271 3367 quod
289 3306 311 3354 sl
323 3305 509 3364 deductiorem,
526 3307 575 3357 boc
595 3314 636 3356 est
652 3309 729 3371 paulo
770 3310 857 3371 iarios,
866 3325 928 3374 quor
940 3310 980 3358 bie
992 3317 1082 3358 auctor
1090 3309 1237 3359 memorium
1246 3325 1292 3373 ep·
1347 3365 1350 3376 ι

202 3379 728 3444 letiorem,sbiruspurtsintellexerls,sl·
770 3385 914 3448 pellsverit,
937 3383 1149 3449 quemadmodum
1177 3394 1205 3433 et
1225 3385 1293 3434 infra

203 3454 286 3502 milior
301 3454 382 3505 fuerit
393 3455 514 3520 Augusti,
526 3457 570 3522 qui
581 3465 727 3522 supersunt,
769 3461 859 3512 Claud.
879 3479 902 3514 c.
918 3467 941 3513 1.
959 3469 986 3512 et
1005 3462 1110 3512 Baeblus
1121 3462 1211 3511 Mucer
1223 3461 1291 3525 opud

203 3531 322 3578 ultumis.
768 3539 901 3590 Servium:
919 3539 995 3589 ‘Hoc
1015 3539 1093 3588 etiam
1113 3536 1247 3600 Augustus
1265 3535 1291 3588 iu

234 3607 385 3670 *Aquilum
406 3608 586 3674 madidusque]
608 3611 727 3660 Priorem
767 3615 834 3664 libro
860 3613 973 3664 seeundo
998 3612 1127 3664 nemone
1149 3613 1209 3662 ritae
1238 3627 1291 3662 sum

203 3679 638 3749 ubsquedictumeithstus,qucd
655 3700 728 3750 aqum
769 3689 917 3754 complexus
928 3689 985 3738 est!

202 3757 283 3806 instar
294 3759 405 3808 incertus
416 3759 450 3809 sit
460 3767 486 3808 et
494 3761 564 3823 qussi
575 3759 683 3818 medius,
692 3762 728 3809 ol·
800 3773 811 3799 ⁰
830 3765 940 3828 Quinque
948 3763 1042 3826 pedum]
1058 3765 1208 3813 Mensuram
1224 3775 1290 3810 sum·

203 3833 264 3881 bum
285 3833 351 3882 inter
373 3843 401 3883 et
423 3836 529 3898 nigrum.
561 3835 629 3886 Quid
651 3836 672 3883 si
695 3835 728 3885 ab
768 3853 834 3889 mem
852 3839 1014 3889 adolescendi
1030 3838 1172 3902 bominibus
1190 3843 1291 3900 septem
1323 3834 1329 3848 '

202 3908 287 3973 equile
300 3907 393 3958 feceris
409 3911 540 3974 equilum?
554 3925 641 3960 eornrn
660 3911 728 3959 ecio·
769 3913 863 3975 pedum
876 3929 932 3962 esse
943 3913 1011 3962 dixit
1026 3913 1126 3962 Gellius
1144 3913 1186 3959 lib.
1204 3924 1248 3960 111.
1265 3927 1291 3961 c.

187 3998 258 4033 reru
269 3998 318 4033 nou
339 3987 405 4035 male
425 3985 532 4043 referet,
549 4000 613 4049 quos
635 3986 729 4034 torruit
769 3990 808 4036 1⁰.
821 3995 912 4049 utpote
924 4000 997 4050 qnam
1009 4001 1060 4036 uon
1079 3984 1219 4034 excessisse
1240 3993 1291 4034 tra-

203 4061 263 4108 solis
276 4061 361 4120 ardor,
372 4069 400 4112 et
412 4077 474 4112 roce
491 4062 631 4111 vernacule
641 4061 727 4110 losoni
768 4061 834 4110 dunt
845 4061 995 4112 Herculem.

203 4135 368 4187 Caseubcuus
380 4138 510 4201 ludigltut.
799 4134 811 4169 ⁶
827 4135 973 4200 Dodrontis]
992 4136 1049 4185 Hoc
1063 4135 1199 4192 enutriunt
1217 4133 1290 4198 pedis

233 4209 245 4243 δ
268 4211 299 4259 ln
318 4214 429 4262 memorio
450 4209 607 4276 [memorium]
623 4211 727 4275 Lipsius
768 4211 955 4276 quadrantium.
987 4209 1291 4279 Dedodrtntequldslt,

202 4283 352 4340 Electoruur
363 4301 383 4341 r.
394 4287 439 4339 llb.
455 4301 515 4352 rep.
525 4290 565 4339 11.
581 4286 727 4340 emendato
766 4287 793 4338 ln
802 4287 856 4340 Jol.
867 4301 890 4340 c.
902 4289 942 4340 81.
