3216 4918
653 419 842 467 rranarus.
1220 404 1286 470 459

203 557 373 637 habemus,
389 565 426 624 ut
441 559 611 642 implicare
625 579 688 624 noe
704 561 853 642 pluribus
868 562 1008 642 negotiis
1024 561 1217 626 debeamus.
1248 563 1287 627 Si

202 660 284 724 hanc
299 657 494 725 fenestram¹
514 660 734 743 aperueritis,⁸
758 660 839 724 nihil
850 661 939 726 aliud
954 664 1007 744 agi
1021 662 1157 726 sinetis:
1181 666 1288 728 omni·

202 779 259 824 um
283 757 492 826 inimicitiae*
514 762 578 827 hoc
603 769 768 844 praetexto
787 761 829 826 ad
851 783 911 828 nes
939 763 1141 828 deserentur?
1184 765 1289 828 Extat

202 868 238 924 et
252 881 360 926 sermo
375 861 447 946 ejus
462 863 495 926 in
519 864 645 928 Senatu
659 863 852 945 perciviiis:
875 864 1067 948 ‘Siquidem
1083 865 1213 929 locutus
1227 866 1290 930 ali·

201 967 270 1025 ter⁹
297 963 514 1040 suerit-dabo
539 981 684 1046 operam,
704 971 744 1028 ut
767 965 925 1030 rationem
951 965 1114 1030 factorum
1140 985 1287 1030 meorum

202 1062 432 1144 dictorumque
450 1063 607 1128 reddam:
630 1065 659 1126 si
672 1067 942 1145 perseveraverit,
955 1067 1098 1130 invicem
1116 1085 1191 1130 eum
1207 1068 1288 1130 ode-

201 1159 275 1226 ro.’¹
318 1163 399 1245 [29.]
421 1163 532 1246 Atque
544 1165 618 1229 haec
638 1173 715 1229 00¹⁰
735 1167 898 1231 nobiliora
921 1175 1027 1244 erant,
1043 1167 1134 1250 qnod
1155 1168 1231 1249 ipse
1253 1171 1288 1232 in

202 1263 413 1346 appellandis
440 1266 701 1349 venerandisque
722 1271 755 1330 et
776 1267 925 1347 singulis,
940 1275 973 1332 et
986 1269 1161 1345 universis,
1184 1287 1288 1351 prope

203 1374 393 1428 excesserat
407 1365 620 1432 humanitatis
640 1367 788 1431 modurn.
820 1367 1029 1432 Dissentiens
1043 1369 1076 1432 in
1092 1368 1226 1434 Curiae
1241 1367 1287 1446 Q.

201 1464 375 1540 Haterio?
398 1463 604 1548 ‘Ignoscas'
625 1470 743 1551 inquit,
766 1477 880 1552 ‘rego,
903 1471 1028 1553 siquid
1052 1471 1214 1534 adversus
1230 1479 1285 1534 te¹

162 1645 168 1654 1
200 1565 348 1644 liberius,
365 1567 452 1632 sicut
466 1568 618 1644 Senator,
630 1569 786 1634 dixero..'¹²
831 1571 876 1634 Et
886 1572 961 1635 inde
972 1589 1085 1635 omnes
1096 1571 1287 1653 alloquens:

201 1664 327 1729 ‘Dixi²
350 1671 384 1730 et
404 1688 498 1745 nunc,
519 1675 554 1734 et
567 1689 659 1752 seepe
680 1671 776 1748 alias,
791 1671 833 1736 P.
848 1671 899 1750 0.,
913 1673 1037 1736 bonum
1055 1679 1090 1736 et
1109 1673 1289 1736 salutarem

202 1764 400 1849 Principem,
416 1787 512 1852 quem
527 1790 587 1834 vos
602 1777 743 1837 tantast
758 1781 825 1836 tam
840 1773 944 1837 libera
958 1779 1124 1856 potestate
1143 1774 1289 1837 instrux-

200 1867 288 1944 istis,
314 1869 450 1934 Senatui
476 1873 601 1936 servire
628 1871 760 1950 debere,
787 1879 820 1936 et
843 1875 1005 1937 universis
1029 1875 1159 1938 civibus
1185 1893 1288 1956 saepe,

200 1973 232 2032 et
244 1969 438 2054 plerumque
452 1973 552 2036 etiam
569 1974 731 2056 singulis:
754 1979 880 2058 neque³
903 1977 938 2039 id
953 1975 1083 2039 dixisse
1103 1996 1156 2041 me
1178 1975 1289 2057 poeni·

657 2137 838 2159 ΜΝΟΝΟΙΝ

201 2247 251 2296 Ed.
263 2255 329 2310 port.
339 2248 412 2312 qrreri
427 2264 459 2298 err
471 2251 577 2300 Memm.
589 2251 671 2302 edidit
681 2259 765 2302 mate
777 2287 784 2302 .
794 2284 800 2298 .
809 2252 985 2316 duritatem,
1007 2251 1052 2300 red
1071 2265 1103 2300 ex
1119 2251 1209 2301 eodem
1222 2253 1287 2302 eod.

201 2311 281 2362 Grcn.
298 2313 531 2364 deditrerretrrm...
594 2317 699 2365 dantem.
726 2317 783 2364 Vox
805 2318 892 2377 cogruit.
910 2317 982 2364 deest
994 2315 1051 2379 Cuj.
1081 2315 1201 2365 Invind.
1218 2321 1240 2364 1.
1259 2319 1289 2366 de

200 2374 303 2436 eudem
312 2377 510 2427 carminice-8
547 2385 620 2430 eneti.
636 2380 733 2430 ceditur
751 2394 813 2443 aper.
832 2388 889 2429 uter
908 2395 938 2429 ne
955 2379 1115 2430 Puinr.Ccd.
1146 2381 1216 2428 Dein
1226 2394 1289 2442 μνω-

202 2444 292 2488 testate
304 2441 400 2490 Medic.
421 2447 443 2491 1·
456 2447 480 2491 2.
490 2443 565 2492 Vere.
576 2443 651 2494 Hele.
662 2443 728 2493 Duc.
743 2449 888 2506 protestate
927 2445 972 2493 uir.
998 2443 1222 2506 Vnigoproeieoetrr.
1248 2439 1289 2492 Cf.

201 2501 267 2552 Cres.
278 2518 300 2552 c.
309 2507 348 2553 tt).
373 2506 438 2555 Dein
450 2509 481 2555 ed
491 2521 534 2556 nec
544 2515 640 2571 preter
648 2521 724 2556 unam
732 2509 805 2557 Torr.
817 2518 843 2557 et
854 2507 929 2556 iiuis.
940 2509 1002 2557 dant
1014 2516 1121 2571 uterque
1129 2507 1206 2556 Vind.
1216 2507 1288 2556 cert.

201 2579 258 2615 enm
271 2567 337 2619 Edd.
348 2569 421 2619 Rem.
433 2571 502 2633 qued
513 2571 579 2620 bene
592 2585 714 2634 recepere
725 2572 813 2622 Berm.
823 2571 886 2621 Ere.
897 2571 974 2620 wolf.
986 2580 1119 2634 praeunte
1131 2571 1204 2620 Torr.
1237 2570 1289 2619 Atii

200 2631 287 2679 adcor.
302 2631 385 2694 Supra
396 2635 530 2695 prouinciis
539 2635 657 2685 Periren.
666 2636 735 2698 conj.
744 2634 940 2685 niret-eatur
950 2635 1092 2685 relebetex
1101 2635 1218 2684 uneCed.
1226 2635 1288 2684 Gla·

202 2707 271 2742 rean.
283 2697 443 2746 accedendi).
455 2698 539 2747 Pnier.
551 2701 616 2749 Mer.
643 2699 706 2749 Μοι
716 2702 787 2748 adero
799 2699 923 2762 Cup—1⁰
933 2701 999 2748 Adeo
1011 2700 1085 2748 Huic.
1096 2715 1122 2748 er
1132 2699 1181 2748 iac
1191 2698 1289 2748 Medic.

201 2763 225 2807 l.
252 2759 316 2807 Tum
327 2765 351 2808 et
359 2761 420 2822 ring.
433 2761 514 2810 edidit
526 2763 596 2812 Oud.
608 2778 665 2813 euna
678 2765 764 2813 Burni.
775 2761 827 2811 fide
840 2763 934 2812 Medic.
945 2763 1053 2812 vinda.
1066 2761 1130 2826 Cep.
1144 2762 1200 2825 an.
1211 2763 1288 2812 Vere.

201 2827 227 2870 et
239 2831 294 2885 opt.
306 2823 379 2872 Torr.
405 2825 491 2888 Vnige
507 2829 688 2891 canendisque
706 2827 769 2889 ring.
802 2827 832 2876 ln
854 2829 921 2876 Dun-
937 2843 968 2875 ex
977 2828 1087 2888 cinge-l
1107 2827 1290 2877 DeertteMe·

200 2885 252 2934 die.
266 2891 289 2936 1.
301 2896 327 2936 et
341 2887 448 2937 itherius
459 2903 505 2951 pre
516 2890 558 2939 iii.
571 2893 647 2940 Fene.
665 2892 728 2940 Mox
739 2891 823 2939 deinde
834 2891 939 2939 Merum.
952 2892 1014 2939 Mer.
1027 2891 1112 2940 Pnira.
1124 2891 1208 2941 Perit.
1221 2890 1290 2939 Har·

200 2949 259 3000 iera.
269 2951 348 3000 Vind.
366 2952 438 3002 cort.
454 2960 482 3002 et
493 2953 559 3004 Edd.
570 2955 643 3004 Vett.
656 2961 751 3016 prater
762 2956 823 3003 Bu.
833 2954 935 3016 Gryph.
946 2961 974 3004 et
984 2959 1144 3004 recentassi
1161 2955 1203 3004 lte
1219 2955 1291 3002 exiri·

200 3013 262 3062 beni
274 3015 445 3076 Stephfli'err.
455 3017 566 3067 carcub.
577 3025 605 3067 et
615 3033 642 3066 re
661 3034 685 3081 q.
698 3025 727 3066 ιιι
739 3020 855 3080 prebent
866 3020 971 3067 Mearm.
982 3017 1107 3080 Medicei‚
1115 3017 1191 3066 Vied.
1203 3025 1289 3080 uterq.

200 3078 264 3124 dixit
275 3094 335 3127 aare
344 3083 368 3126 et
380 3080 464 3128 Perta.
478 3081 592 3131 Heriem.
602 3083 641 3131 Ed
661 3081 773 3131 eeneii.
784 3081 855 3130 Med.
864 3081 937 3130 Crid.
957 3080 989 3130 ei.
1001 3081 1075 3131 dixit.
1100 3083 1134 3130 Et
1145 3095 1205 3128 aare
1218 3081 1290 3130 Cert.

201 3140 268 3189 Edd.
281 3141 357 3190 Rom.
368 3143 517 3208 Cannegirt.
527 3145 553 3193 in
566 3146 641 3195 Mire.
652 3144 717 3196 Obr.
730 3147 779 3194 vei.
792 3159 830 3194 vr.
844 3160 870 3208 p.
879 3149 936 3195 60³.
950 3146 1018 3206 conj.
1029 3145 1113 3192 diceet
1125 3159 1195 3204 neec,
1206 3149 1228 3191 et
1236 3145 1290 3192 dixi

200 3217 261 3266 ιαμ
278 3207 358 3255 tit-⁸
373 3206 459 3271 Meque
476 3208 502 3257 id
519 3209 617 3259 Medic.
629 3211 654 3257 2.
671 3211 750 3260 Fene.
768 3208 837 3257 Dan.
855 3208 880 3257 in
899 3208 989 3273 quibus
1011 3209 1088 3256 etiem
1109 3215 1137 3256 et
1160 3207 1256 3257 Medic·
1267 3212 1290 3256 l.

690 3371 798 3422 NOTAE

194 3521 197 3528 .
232 3479 726 3546 ¹flaresemrrm11tneerrzsihnne
766 3495 904 3547 qucrnprr
921 3485 1015 3545 capa.
1045 3478 1257 3529 TreiturArnri.
1271 3494 1289 3530 r.

200 3554 463 3608 deletaribnreditunr
476 3558 659 3622 patefeceritir.
683 3561 726 3611 Sic
766 3559 951 3623 ‘Serpirreern
973 3558 1083 3606 animuin
1106 3553 1292 3618 perstrinxere.

202 3635 230 3677 et
249 3630 399 3680 Terentius:
416 3632 486 3681 ‘Hui
501 3643 622 3698 quantem
642 3634 726 3686 fener·
766 3633 892 3684 Haterius
901 3631 1083 3690 enmdixirret,
1095 3631 1234 3692 Quomque
1247 3643 1291 3691 pe-

202 3711 267 3752 trem
277 3703 309 3752 ad
320 3707 458 3769 nequitiem
470 3708 643 3770 patefeceris:
767 3709 847 3770 tierir,
858 3709 954 3769 Gerar,
972 3721 1024 3755 nen
1036 3707 1126 3754 aderre
1137 3711 1216 3767 ceput
1228 3703 1289 3752 Rei·

234 3775 246 3809 ι
268 3779 379 3828 Ortrrirrrr
396 3781 541 3849 inimicitia]
567 3786 632 3835 Cum
654 3800 727 3835 raum
767 3779 1289 3848 publice?Senurueqeta,&e.tnflete-

201 3851 285 3916 quiris
295 3853 425 3904 inimicum
437 3857 568 3908 delaturae
579 3862 623 3910 rit.
765 3860 830 3908 rium
853 3858 939 3908 rtatim
962 3857 1077 3904 invectae
1093 3864 1141 3910 ert,
1160 3855 1290 3909 Scaurum,

234 3925 241 3959 ¹
262 3927 366 3978 isdem
385 3945 437 3980 erm
455 3933 535 3996 edere]
559 3935 598 3983 De
616 3933 726 3998 quodam
766 3935 807 3983 eui
820 3929 1291 3996 implacabiliusirascebatur,eitentie

198 4001 725 4058 eaccbtrectctcredictaruntiree.Pau·
766 4005 894 4056 tremiritss

200 4076 227 4125 le
237 4076 311 4126 aliter
320 4075 452 4142 Augustus
466 4083 499 4132 de
516 4097 572 4146 rac,
584 4082 650 4146 Aug.
668 4097 726 4146 cap.
798 4088 810 4115 ¹
825 4081 930 4145 Βίκεω]
945 4081 1055 4132 Quidam
1067 4079 1189 4144 legebant
1198 4080 1251 4130 dixi
1261 4087 1290 4130 et

201 4154 242 4200 ti.
765 4157 838 4208 dixit·
870 4157 1024 4208 Emenderit
1033 4156 1182 4208 Torrentius
1193 4171 1225 4207 ex
1236 4165 1289 4207 ret.

210 4234 250 4272 Ψ
279 4227 392 4294 ,Haterid
420 4231 469 4282 liic
490 4231 670 4286 rercrimiiiter
692 4235 726 4286 de
766 4235 824 4285 eod.
