3228 4926
649 415 846 467 nourrius.
1228 407 1294 478 ³15

205 560 348 637 (Σαίιιιῑι,ι
371 557 525 637 Lucium,
539 563 572 623 et
593 557 795 643 Agrippam:
820 553 940 644 ne'ptes
969 560 1065 638 duas,
1090 560 1232 640 Juliam,
1257 572 1294 629 et

204 662 437 748 Agrippinam.
468 658 596 724 Iuliam
608 659 663 723 In*
673 659 790 739 Paulo,
806 661 962 725 Censoris
976 661 1058 738 filio,
1073 661 1293 747 Agrippinam

206 763 427 839 Germanico,
446 761 596 825 sororis⁵
627 781 701 826 sues
721 764 847 845 nepoti,
876 762 1062 829 collocavit.
1109 763 1228 829 Gaium
1242 763 1243 768 ’
1258 775 1293 831 et

206 860 366 928 Lucium¹
382 862 567 945 adoptavit,
588 863 679 927 domi
700 883 759 946 per
780 862 913 928 assem⁶
934 871 970 928 et
984 864 1134 929 libram¹¹¹
1161 875 1294 933 emtos'

206 971 333 1048 epatre
349 962 520 1047 Agrippa:
541 972 741 1048 tenerosque
752 964 859 1030 adhue
873 965 916 1028 ad
931 974 1065 1029 curam⁷
1082 965 1293 1048 Reipublicae

205 1065 373 1132 admovit:
396 1073 429 1131 et
450 1064 615 1130 Consules
629 1066 818 1148 designatos
833 1067 955 1131 ciroum
967 1066 1155 1148 provincias
1166 1069 1294 1132 exerui·

206 1173 328 1248 tnsqne
344 1167 481 1233 dimisit.
525 1166 647 1234 Filiam
676 1173 710 1232 et
738 1174 854 1252 neptes
877 1168 927 1231 ita
953 1167 1106 1244 instituit,
1128 1174 1167 1231 ut
1191 1168 1293 1232 etiam

205 1265 376 1333 lanificio⁰
397 1267 625 1346 assuefaceret,
646 1275 842 1354 vetaretque
864 1267 972 1353 loqui,
995 1274 1054 1334 ont
1077 1287 1175 1352 agere
1198 1269 1294 1353 quie·

662 1477 840 1500 nunonem

208 1631 313 1678 rum—t
331 1630 415 1678 Caium
423 1632 447 1679 et
458 1629 518 1681 tac.
530 1629 595 1681 lita.
605 1630 797 1683 Polimllediu.
808 1645 905 1688 omues,
915 1631 992 1681 Viurl.
1003 1635 1121 1696 uterque,
1131 1630 1202 1680 Cori.
1219 1631 1293 1682 Duu.

208 1692 367 1742 Fouo.Vosa.
376 1694 460 1743 Perir.
471 1708 529 1743 am.
540 1709 593 1745 uer.
604 1702 632 1746 et
648 1696 714 1747 sut.
733 1697 808 1747 Rom.
823 1697 890 1746 Ven.
907 1695 1013 1746 Mediol.
1030 1696 1147 1760 olimque.
1170 1695 1234 1744 'rum
1246 1709 1294 1758 pre

206 1756 364 1820 Agrippinam
372 1765 479 1822 utroque
486 1760 543 1808 loeo
553 1759 687 1824 Agr-ippum
695 1761 771 1810 vind.
784 1766 808 1811 1.
820 1761 985 1811 Heriem-t
1002 1759 1156 1810 Prmnomen
1171 1759 1201 1808 Ia·
1218 1758 1295 1810 ‹laeat

207 1820 314 1884 Cui-⁶
333 1821 376 1870 lte
393 1823 482 1885 aeripti
495 1837 593 1885 omnes,
602 1823 648 1874 aed
659 1824 725 1874 sud.
737 1825 857 1876 Frobeuii
868 1825 950 1874 ιτα-ἐι
960 1824 1065 1886 habent,
1083 1824 1208 1889 probante
1219 1823 1295 1873 Torr.

206 1882 290 1934 Panlo
302 1892 363 1935 ante
381 1887 492 1935 cmaorto
503 1889 528 1936 io
545 1888 671 1939 Fora—tl
689 1889 765 1940 Hane
775 1891 837 1941 lect.
847 1887 899 1938 tide
910 1889 986 1939 eodd.
999 1895 1087 1938 tuetur
1098 1886 1209 1939 casaub.
1231 1887 1295 1938 ilui-

207 1946 265 1998 daur
274 1949 376 2008 legend.
387 1951 491 2000 mallent
501 1967 544 2014 per
552 1967 594 2017 aa,
603 1959 631 2002 et
641 1953 679 2002 lta
687 1953 754 2004 Eud.
767 1952 828 2004 eto.
840 1961 867 2003 et
877 1954 1017 2016 §tepla-7
1035 1955 1107 2002 Cura
1123 1949 1220 2000 Medic.
1233 1955 1257 2000 l.
1270 1955 1295 1999 ⁸.

207 2011 271 2079 Cup.
296 2016 399 2065 Desunt
410 2015 589 2066 uerbaarlear.
601 2015 675 2068 Hulu.
696 2017 762 2068 Mox
777 2019 810 2068 ari
825 2017 953 2083 lanificium
963 2019 1034 2069 cort.
1046 2018 1098 2067 tluo
1108 2017 1173 2067 Mae.
1181 2013 1255 2064 Torr.
1268 2021 1296 2065 at

695 2221 801 2275 NOTAE

236 2360 244 2397 ¹
263 2365 349 2415 crima
367 2373 390 2416 et
409 2366 520 2431 meae]
537 2366 562 2417 li
582 2371 643 2418 anot
664 2381 729 2433 quoe
770 2363 1296 2436 aerelibrampercutiebat,tpenmqnael

206 2437 315 2503 Augusti
329 2443 422 2492 liberor
433 2458 510 2508 snpra
521 2444 599 2495 totiea
609 2443 682 2494 dixit.
769 2444 848 2495 dabat
859 2446 894 2505 ei,
906 2461 921 2494 e
932 2459 982 2510 quo
994 2444 1147 2507 mancipium
1160 2459 1204 2494 aen
1216 2443 1297 2496 filium

232 2516 396 2583 'Adeptus-it,
404 2519 730 2584 dmaiperuaaoaettitm]
769 2519 831 2586 (neo
842 2521 909 2570 euim
921 2521 969 2569 hoe
979 2533 1040 2569 caen
1052 2517 1296 2586 discretationem-

208 2589 368 2654 Adoptiones
379 2598 447 2659 apud
460 2597 588 2647 Romanor
602 2597 673 2647 varie
683 2611 730 2661 pro
770 2595 868 2658 plebat.
901 2595 970 2645 Hine
982 2593 1107 2644 Horatius
1121 2596 1200 2659 epiat.
1210 2600 1235 2645 Β.
1252 2595 1297 2647 lib.

206 2667 280 2716 varia
290 2683 453 2732 personarum
466 2673 615 2723 conditione
624 2673 681 2722 lieri
691 2687 731 2724 eo·
772 2684 802 2721 11.
824 2685 862 2721 va.
881 2675 937 2722 itti.
954 2671 995 2721 ‘ei
1008 2672 1139 2736 proprium
1159 2678 1209 2737 eet,
1228 2673 1297 2737 quud

205 2743 301 2794 lebant.
335 2747 386 2798 Qui
396 2751 422 2797 iu
434 2751 519 2813 patria
529 2757 661 2814 potestate
671 2764 733 2800 con·
772 2745 829 2811 quis
850 2745 916 2796 libra
936 2756 1066 2797 mercatur
1083 2753 1111 2797 et
1132 2747 1210 2798 mre?
1237 2748 1298 2798 iude

207 2821 485 2882 atitnti,cuueentiente
494 2832 567 2890 patre
575 2827 731 2890 adoptaban—
772 2822 920 2885 mancipare
932 2821 1102 2885 provendere
1114 2822 1182 2886 apud
1195 2823 1297 2874 cicero-

204 2899 259 2958 tur,
270 2896 288 2945 ii
302 2911 357 2948 rra
367 2912 404 2949 ms
416 2913 450 2950 rrr
460 2913 587 2952 uiarum
602 2902 733 2952 debebant
772 2909 831 2946 nem
841 2904 870 2947 et
880 2897 951 2956 aliea,
959 2904 986 2947 et
995 2899 1157 2962 emancipare
1166 2913 1214 2963 pro
1225 2914 1239 2948 e
1251 2910 1297 2962 po·

208 2970 344 3036 adoptari,
371 2975 426 3024 hae
449 2976 518 3026 enim
539 2977 653 3041 adoptio,
675 2984 733 3027 erat
773 2977 869 3022 tentare
896 2972 1035 3036 dimittere,
1060 2976 1110 3021 tre.
1146 2974 1300 3024 Torrentius

207 3045 358 3111 imaginaria
369 3058 397 3101 et
413 3051 505 3103 fictitie
515 3053 633 3117 quiedam
643 3053 732 3102 venuli-
772 3062 819 3111 pro
829 3063 905 3099 raam
914 3048 1114 3106 emendantem
1131 3047 1299 3098 Carantonus

208 3121 254 3183 tiu,
264 3138 314 3188 qua
325 3133 400 3188 pater
418 3129 543 3178 naturalia
559 3126 639 3178 tilium
658 3141 732 3178 auom
770 3138 847 3174 aerem
862 3123 978 3183 retinnit,
994 3135 1138 3186 quanquam
1154 3135 1168 3170 a
1176 3121 1299 3184 jurecon-

209 3196 407 3263 adoutteopatri
424 3203 535 3252 cedebat
542 3210 570 3253 et
578 3203 651 3269 quasi
661 3216 733 3253 man·
771 3197 846 3247 eultie
856 3212 890 3246 aa
900 3197 994 3260 rapina
1003 3195 1113 3245 dicatur.
1128 3195 1136 3224 ⁴
1148 3193 1244 3244 Domi¹
1256 3208 1299 3246 ee-

208 3272 320 3338 epaon,
332 3275 364 3326 ad
383 3277 575 3327 similitudinem
591 3291 733 3340 serrorum,
773 3285 803 3321 ro
824 3271 907 3320 dizit:
935 3269 1037 3334 publiea
1055 3269 1122 3317 enlm
1143 3269 1300 3322 auctoritate

209 3351 588 3414 quoeetemebantluoomodo.
620 3352 732 3403 Annine.
774 3361 825 3396 uon
851 3345 946 3409 egebat
967 3344 1041 3408 trojus
1062 3344 1163 3406 generis
1185 3345 1300 3409 adoptio,

207 3425 286 3476 batur
297 3433 381 3477 antem
398 3443 434 3477 aa
446 3434 473 3478 et
488 3428 553 3478 libra
564 3435 592 3479 et
602 3429 733 3492 libripens,
774 3428 882 3486 propter
904 3427 1060 3485 potestatem
1081 3420 1161 3482 patrie
1179 3419 1206 3469 in
1220 3418 1300 3482 tilioe3

207 3500 256 3552 hoe
278 3510 329 3562 eet,
348 3503 464 3553 minister
490 3503 661 3567 appendendo
688 3504 735 3554 ari
773 3513 848 3549 secus
860 3513 918 3548 oum
932 3505 1097 3561 arrogaretur
1108 3494 1300 3559 paterfamiliae.

206 3577 732 3645 destinatua,(peonniamquippe,seupo-
804 3583 817 3609 ·
833 3574 928 3637 Emtu]
951 3573 1059 3625 Fictilia
1078 3572 1122 3622 illa
1142 3571 1299 3637 venditione,

182 3671 189 3682 ·
209 3653 261 3702 tine
271 3669 307 3703 as
318 3670 390 3705 auum
410 3656 442 3706 ab
457 3657 531 3706 initio
543 3655 733 3719 appendebant,
773 3649 806 3701 de
818 3664 869 3715 qua
879 3650 964 3699 ruodo.

206 3729 457 3795 noumumerabant)
475 3736 503 3780 et
518 3732 630 3795 quinque
648 3737 735 3792 testea,
806 3734 818 3760 ⁰
833 3723 960 3791 Immficm]
978 3722 1144 3773 ordinarium
1155 3721 1219 3773 lllod
1230 3721 1301 3785 apud

209 3805 279 3856 eirea
299 3806 408 3857 Romani
435 3807 554 3871 puberes,
580 3819 687 3870 qnorum
709 3805 735 3853 in
775 3801 884 3852 Grecos
901 3807 928 3850 et
945 3801 1074 3849 Romanor
1094 3799 1254 3857 exercitium,
1272 3806 1303 3850 ut

207 3892 358 3946 eooapectu,
366 3884 409 3948 qni
418 3881 572 3945 mancipium
581 3879 736 3944 recipiebat,
775 3879 808 3927 de
829 3877 961 3940 Penelope
975 3875 1097 3935 Ovidius,
1108 3873 1141 3922 de
1152 3875 1302 3940 Tanaquilis

209 3974 254 4009 eeu
265 3958 343 4009 fillum
352 3961 458 4010 alteriue
470 3957 687 4020 inadoptiouem:
700 3969 735 4005 ar
776 3961 805 4004 et
814 3954 937 4003 Lucretia
950 3951 1046 4006 Lirim,
1066 3951 1159 4014 aliique
1175 3951 1239 4002 ratis
1255 3949 1301 4003 de·

208 4031 637 4098 tenenaluaorerbaproaerebatr
655 4031 736 4082 Hunc
776 4034 935 4080 monstrent:
952 4025 1021 4090 apud
1036 4025 1129 4075 l’araaa
1148 4025 1243 4088 probro
1257 4028 1302 4080 lra-

210 4123 264 4160 auo
284 4123 421 4161 murram
441 4123 478 4160 sa
496 4121 567 4158 sune
583 4119 736 4161 uurarrmrr
776 4100 1150 4169 utrumnqnetoemtnutma
1159 4103 1301 4154 menusan-

210 4197 293 4236 rraom
313 4199 443 4242 merare,
458 4197 539 4237 neuun
557 4196 627 4233 κιαι
646 4193 737 4233 eurus
776 4187 899 4236 mereret,
911 4185 940 4230 ut
955 4183 1030 4242 putet
1048 4177 1165 4240 exempto
1181 4177 1303 4243 Sisigam-

211 4275 257 4313 ιτ
269 4277 328 4314 noc
336 4277 398 4315 aar
406 4274 543 4318 mraauuu
551 4273 643 4312 urana,
673 4261 737 4312 'l'um
778 4259 816 4310 bie
825 4263 853 4309 et
864 4257 980 4320 aliamm,
991 4250 1060 4317 apud
1070 4251 1195 4306 Curtium.
