3228 4926
275 493 280 502 ,
332 429 397 494 290
758 447 789 493 c„
813 443 993 493 sunuomr

332 591 469 670 giorum,
481 606 558 671 qum
570 587 612 651 de
622 585 865 670 magistratibus
873 587 998 652 urbicis
1010 586 1218 652 Decuriones
1229 581 1241 622 ¹
1252 587 1420 654 colonioi⁹

331 692 365 754 in
379 711 441 755 sua
457 689 602 772 quisque
618 688 750 754 colonia
768 687 901 766 sonent,
923 695 957 753 et
979 689 1042 753 sub
1064 688 1150 752 diem
1161 695 1187 726 ¹⁰
1210 690 1420 754 comitiorum

332 792 528 872 obsignata¹
545 789 686 854 Romam
700 789 876 854 mitterent.
919 789 974 853 Ao
989 789 1112 853 necubi
1127 795 1185 854 aut
1204 790 1418 853 bonestorum

332 890 485 956 deficeret
498 891 609 974 copia,
625 897 684 954 eut
698 887 942 954 multitudinis²
958 889 1107 965 soboles,
1129 895 1316 974 equestrem
1331 891 1421 954 mili·

330 992 409 1056 tiam
422 995 595 1073 petentes⁸
609 990 710 1054 etiarn
726 1009 771 1054 ex
785 991 1074 1056 commendatione
1090 990 1225 1074 publica
1241 990 1417 1072 cujusque3

332 1089 448 1173 oppidi
461 1091 653 1171 ordinabat3
677 1095 711 1154 at
725 1091 779 1176 iis,
794 1093 883 1174 quie
904 1091 1004 1175 plebe
1021 1091 1170 1172 regiones
1185 1090 1251 1154 sibi
1265 1090 1420 1154 reuisenti

330 1190 417 1254 filios
441 1190 573 1254 filiasve
596 1191 830 1274 approbarent,
857 1192 988 1274 singula
1009 1210 1218 1255 nummorum
1237 1190 1342 1255 millia
1356 1208 1420 1272 pro

329 1289 510 1371 siugulis4¹¹
534 1290 716 1356 dividebat.
739 1289 823 1372 [47.]
845 1292 1040 1356 Provincias
1065 1289 1254 1367 validiores,
1278 1294 1312 1354 et
1333 1307 1418 1371 quas

330 1391 447 1454 annuis
466 1391 719 1473 magistratuum
741 1392 889 1474 imperiis
915 1393 997 1474 regi,
1021 1411 1084 1456 nec
1106 1391 1205 1456 facile
1226 1409 1289 1454 neo
1311 1397 1418 1454 tutum

330 1495 408 1567 erat,
420 1491 493 1574 ipse
507 1491 677 1575 suscepit:
689 1487 698 1530 ¹
712 1496 841 1558 ceteras
856 1487 1146 1560 Proconsulibus¹¹
1166 1491 1284 1558 sortito
1299 1489 1419 1574 permi-

785 1685 963 1707 ΙΜΝΜΙΜ

329 1813 419 1863 canda.
442 1813 518 1865 Miill.
535 1819 621 1864 autem
640 1813 910 1879 contemnemdum
926 1827 1058 1879 qumquam
1075 1813 1140 1862 modo
1155 1827 1180 1874 p.
1190 1827 1215 1874 p.
1226 1812 1309 1864 at-tr
1327 1812 1416 1862 Bnrm.

329 1878 419 1928 Decor.
429 1877 503 1926 colon.
517 1879 709 1940 transpositum,
719 1885 746 1927 et
760 1877 922 1941 postserrmt
936 1884 960 1928 et
972 1876 1117 1942 ponendum
1129 1876 1239 1936 censuit,
1250 1875 1417 1938 probantibus

329 1939 490 2015 Oud3Woll'.
503 1941 702 2016 cundrammo
715 1943 776 2018 Era.
788 1949 890 2005 tanturm,
898 1956 986 2018 vocem
1001 1942 1087 1990 Deras.
1098 1941 1156 1989 loco
1167 1953 1213 1988 suo
1225 1939 1314 1989 movit.
1340 1939 1416 2014 Cete-

329 2006 693 2118 tarditatem
704 2004 843 2132 biti.
855 2004 1008 2132 ῗέἷιιῖζίῗ·
1017 2003 1132 2116 iiiii·
1141 2001 1420 2115 lilitffliiissi'ii

329 2131 435 2180 Momm.
447 2131 602 2181 Feruente.
617 2132 673 2180 Pin.
684 2131 796 2180 Medicei
807 2131 886 2181 Viud.
898 2136 921 2180 1.
936 2133 1010 2182 Cori.
1026 2131 1100 2179 liuls.
1111 2135 1139 2179 et
1150 2129 1217 2178 Edd.
1228 2129 1261 2178 0.
1273 2129 1347 2178 Vett.
1355 2131 1417 2178 reti·

329 2201 374 2243 net
388 2193 503 2243 ond-r
524 2193 655 2256 Διιίςηιιέα
668 2193 939 2247 morianensem.
955 2204 988 2245 tr.
1001 2209 1057 2245 cunr
1074 2193 1131 2243 cod.
1143 2199 1198 2255 opt.
1210 2193 1283 2242 Torr.
1317 2193 1380 2242 Mox
1391 2198 1418 2242 ot

326 2257 410 2308 necubi
421 2259 487 2321 θοι).
497 2257 576 2309 Fouc.
587 2265 628 2307 aar
638 2273 663 2307 ιι.
675 2258 771 2308 Medic.
783 2261 808 2306 l.
830 2259 862 2307 In
874 2257 949 2311 codd.
961 2257 1112 2323 quibusdam
1123 2257 1198 2312 deest
1207 2262 1249 2309 mr
1261 2255 1415 2306 materen.

326 2325 375 2370 -2
392 2321 480 2371 Burm.
491 2321 634 2372 rescribere
647 2322 735 2370 mallet
751 2321 906 2386 multitudini,
921 2329 949 2371 et
965 2319 1072 2372 edidere
1087 2319 1179 2370 rabula
1189 2320 1270 2370 Gron.
1282 2334 1312 2368 ac
1324 2319 1415 2370 Pitisc.

328 2383 397 2432 Dein
407 2385 508 2446 petentia
518 2386 543 2434 lu
557 2385 662 2434 Memm.
673 2383 722 2434 Ed.
734 2385 793 2434 Bar.
810 2393 836 2434 et
852 2386 885 2434 al.
917 2385 985 2435 Item
998 2385 1068 2434 delet
1080 2385 1150 2447 Lips.
1165 2385 1246 2441 mium,
1257 2379 1415 2444 suffragante

327 2445 447 2495 Tora-3
466 2448 634 2512 caecumque
646 2448 709 2497 Mss.
721 2448 882 2498 casauboni
894 2449 961 2497 baud
974 2449 1103 2512 displicet.
1137 2445 1210 2496 Idem
1223 2445 1330 2494 Casartb.
1343 2445 1417 2494 malit

327 2509 418 2558 abesse
429 2515 454 2558 ot
463 2518 522 2558 ante
531 2512 572 2568 iis,
582 2518 609 2560 et
620 2512 794 2574 astipulantur
805 2513 912 2574 Baumg.
929 2511 999 2562 Oud.
1015 2512 1056 2560 vel
1068 2511 1158 2560 saltem
1171 2509 1333 2558 scribendum
1344 2513 1417 2571 mque

327 2573 411 2628 velet,
423 2573 460 2620 uti
471 2574 600 2634 judicavit
618 2575 693 2623 bitill.
711 2575 742 2623 iis
757 2588 809 2623 nan
826 2581 936 2638 apparet
951 2576 977 2624 in
994 2575 1109 2624 Heriem.
1127 2572 1193 2622 Edd.
1210 2572 1276 2620 Veu.
1292 2577 1325 2622 tr.
1340 2576 1367 2620 st
1377 2573 1417 2625 tte

326 2636 433 2686 Memm.
444 2635 541 2684 Medic.
552 2644 605 2685 tres
616 2638 693 2686 vind.
703 2642 728 2687 2.
740 2641 840 2688 dem—d
856 2639 906 2687 Per
915 2638 1018 2698 strator
1028 2639 1111 2688 Perta.
1128 2636 1242 2686 Heriem.
1254 2637 1334 2685 Fauo.
1346 2635 1414 2685 Edd.

326 2699 391 2749 ven.
408 2707 460 2749 tres
476 2700 550 2750 Med.
567 2701 639 2752 Celd.
657 2701 724 2753 Bou.
736 2701 819 2766 bugd.
830 2702 902 2753 tuor.
913 2701 973 2752 illd.
985 2703 1046 2751 Bas.
1057 2702 1159 2766 Gryptr.
1169 2701 1255 2750 Plaut.
1266 2705 1294 2750 et
1304 2699 1337 2750 al.
1361 2697 1416 2763 Eji·

815 2858 925 2909 NOTAE

358 2957 528 3024 ‘Decuriorred
537 2961 663 3023 Decurio,
673 2961 795 3025 primaeva
803 2975 849 3012 sua
887 2960 954 3012 filios
964 2963 1004 3012 vel
1016 2961 1082 3012 illias
1094 2962 1208 3026 legitime
1226 2968 1300 3012 natos
1310 2961 1406 3012 habere

325 3031 522 3097 significatione,
543 3035 682 3097 praefectur
702 3042 743 3084 eet
757 3049 848 3101 eques·
886 3051 914 3086 to
932 3037 1080 3100 probarent,
1096 3035 1125 3096 il,
1137 3043 1201 3100 quot
1217 3036 1311 3086 liberos
1329 3035 1407 3084 babe-

327 3108 373 3156 tris
386 3115 485 3158 turmae.
518 3109 847 3173 Verumquiadeducendir
887 3110 960 3173 bant,
976 3117 1016 3160 tot
1032 3110 1110 3159 millis
1127 3123 1287 3160 nummorum
1299 3109 1409 3173 acclpie·
1495 3163 1500 3172 ¹

326 3184 432 3232 coloniis
454 3183 480 3232 id
508 3185 701 3243 observabatur,
732 3191 764 3235 nt
788 3200 847 3250 pars
888 3185 1192 3248 bant,bocesttti.1ts.
1223 3185 1274 3234 Ubl
1292 3185 1408 3248 regiones

327 3257 427 3307 decima
445 3259 613 3310 deductorum
636 3261 733 3311 consilii
752 3263 848 3326 publici
886 3262 1095 3311 urbisanltalire
1107 3260 1283 3323 intelligendas
1294 3259 1347 3308 siut
1358 3271 1408 3308 uon

326 3348 403 3384 causa
422 3337 637 3399 conscriberetur,
659 3339 677 3386 ii
694 3339 719 3386 iu
742 3338 846 3387 coloniis
886 3337 995 3398 densim
1010 3339 1077 3387 bano
1087 3337 1154 3386 enim
1166 3338 1244 3386 etiam
1254 3335 1279 3384 in
1290 3334 1410 3384 undecim

325 3417 353 3460 et
365 3411 510 3475 municipiis
526 3413 678 3460 decuriones
689 3411 754 3461 dicti
774 3419 845 3472 ruut;
886 3413 1001 3474 regiones
1012 3411 1109 3461 divisit.
1143 3410 1335 3460 Liberalitatem
1347 3410 1414 3459 banc

325 3498 434 3548 namque
457 3485 482 3534 in
502 3485 540 3532 tris
561 3492 618 3533 erat
635 3485 708 3544 Reip.
725 3487 845 3534 Romarm
886 3485 955 3534 ret'er
975 3485 1008 3534 ad
1027 3498 1113 3534 curam
1136 3481 1364 3546 aagendsprottr,
1378 3485 1412 3534 de

324 3559 397 3622 qussi
417 3557 533 3622 quiedam
549 3557 718 3619 adumbratio,
729 3557 846 3608 decurio·
885 3573 937 3622 qua
947 3573 971 3608 c.
983 3562 1025 3607 tt.

325 3633 400 3683 nibus
415 3634 562 3696 Senatores,
577 3632 718 3682 duumuiris
729 3634 845 3683 consules
917 3630 924 3664 ¹
938 3631 993 3695 Ipse
1002 3629 1116 3694 suscepit]
1143 3630 1247 3693 Strabo,
1266 3631 1313 3698 lib.
1334 3645 1408 3684 xvir.

325 3706 506 3760 referentibus.
885 3704 1260 3770 subduem,eaedemornniuo
1272 3721 1411 3757 crosme-

355 3790 369 3825 Ι
384 3783 507 3846 Potentes]
533 3781 586 3832 Alii
602 3780 723 3846 legebant
735 3781 846 3844 pamma,
884 3777 1018 3844 fertquss
1027 3781 1070 3830 bic
1081 3781 1228 3843 Suetonius,
1239 3781 1334 3847 quibus
1345 3783 1410 3831 bane

268 3900 271 3912 ,
324 3858 392 3921 quod
414 3864 442 3906 et
458 3864 556 3920 potest:
574 3856 733 3906 consuetudo
748 3856 845 3921 quippe
885 3856 937 3907 Dia
949 3856 994 3906 lib.
1003 3869 1063 3906 urrr.
1072 3856 1182 3921 addidit,
1193 3857 1407 3921 Augustnmmna-

325 3939 439 3981 uetemm
456 3929 507 3982 mit
525 3946 567 3981 eos
585 3947 659 3982 cneus
677 3933 787 3995 plurales
809 3933 846 3982 its
880 3932 947 3998 jerit
958 3931 1026 3982 illius
1044 3932 1076 3980 ad
1091 3947 1136 3982 eas
1155 3933 1282 3995 regendas
1299 3929 1409 3980 difficul-

324 4005 459 4062 sormandi,
482 4014 511 4058 ut
531 4007 624 4070 passim
643 4007 756 4070 reperias
774 4006 844 4071 apud
886 4009 1096 4072 tatirprretextu,
1108 4021 1154 4057 sua
1171 4021 1274 4070 semper
1285 4005 1311 4054 ln
1323 4011 1409 4068 potes·

324 4079 480 4145 Sallustium,
488 4083 618 4145 Plautum,
627 4085 676 4131 dec.
884 4083 1075 4134 tateexercitus
1084 4083 1213 4146 babuisse,
1223 4081 1313 4130 inermi
1325 4093 1407 4144 popu·

355 4151 368 4186 ¹¹
385 4155 435 4203 Pro
445 4157 557 4219 megalis]
573 4157 691 4220 Vulgata
711 4155 844 4206 Editioues
883 4162 909 4210 lo
919 4159 1076 4222 Senemque.

325 4243 368 4294 per
388 4231 491 4294 rimator
505 4233 595 4282 eodem
612 4246 704 4282 sensus
721 4232 765 4296 qui
777 4233 843 4282 euim
914 4231 926 4268 ¹
943 4231 1135 4295 Pmmmstibrrs]
1151 4229 1262 4298 sugeri
1273 4227 1407 4293 ditlrloue,
