3228 4914
669 435 858 484 suasurus.
1242 423 1307 490 tre

222 577 423 646 correctione
434 586 482 618 ¹⁰⁰
497 597 573 642 curn
590 577 778 660 Pomponio
795 578 921 642 Flacco
934 582 967 642 et
981 577 1019 644 L.
1036 577 1159 642 Pisone
1178 584 1308 646 noctem

222 683 483 762 continuumque
512 679 651 743 biduum
679 679 847 761 epulando
871 679 1082 762 potandoque
1106 682 1308 746 consumsit:

221 800 360 864 quorum
384 780 478 844 alteri
501 779 630 862 Syriam
649 780 868 862 provinciam,
886 781 979 844 alteri
1001 781 1232 863 praefecturam
1245 781 1309 846 Ur·

222 881 300 944 bisp
315 879 489 944 confestim
503 879 642 944 detulit:
663 880 867 945 codicillis¹q
881 899 1016 962 quoque
1029 888 1037 915 ‘
1045 881 1308 963 jucundissimos

221 989 256 1044 et
285 981 428 1044 omnium
454 979 625 1042 horarum¹
650 979 797 1045 amicos'
818 981 1005 1062 professus,
1049 982 1161 1044 Sestio
1183 981 1309 1061 Gallo,²

221 1079 402 1144 libidinoso
418 1097 459 1142 ac
475 1080 616 1162 prodigo
633 1083 717 1158 seni,
734 1082 813 1146 olim
826 1083 869 1146 ab
885 1079 1036 1164 Augusto
1058 1082 1237 1162 ignominia
1250 1103 1310 1148 no-

222 1187 306 1258 tato,
320 1187 356 1243 et
370 1199 391 1242 a
406 1199 443 1242 se
455 1186 531 1270 ante
545 1201 672 1263 paucos
687 1183 760 1247 dies
776 1184 865 1266 apud
882 1183 1039 1247 Senatum
1056 1183 1230 1264 increpito,
1241 1203 1311 1250 οω-

222 1301 297 1344 nam
313 1298 353 1343 ea
366 1280 438 1361 lege
454 1281 626 1360 condixit·
639 1303 680 1346 ne
697 1285 778 1366 quid
801 1304 844 1347 ex
866 1283 1103 1348 consuetudine
1118 1284 1311 1350 immutaret

223 1387 283 1444 aut
296 1380 451 1457 demeret,
466 1388 569 1462 utque
585 1383 683 1448 nudis
693 1386 723 1430 3‘
742 1385 863 1468 puellis
885 1385 1142 1448 ministrantibus
1164 1403 1311 1450 coenare·

223 1488 288 1545 tur.
332 1481 577 1562 Ignotissimum
592 1490 769 1566 quaestoroe
792 1484 1002 1548 candidatum
1017 1484 1233 1550 nobilissimis
1253 1503 1312 1550 an·

223 1831 295 1884 bled.
305 1835 465 1886 tantm—ro
477 1835 628 1900 correptiore
637 1838 734 1888 Medic.
744 1843 799 1888 m.
811 1853 869 1888 cnm
881 1838 948 1889 Edd.
957 1839 1055 1904 Grypb.
1066 1839 1154 1888 Plent.
1178 1839 1241 1888 Mos
1251 1842 1313 1890 citer

224 1898 281 1960 Syr.
294 1899 370 1948 Fooc.
404 1901 489 1948 Deest
506 1902 610 1962 prosim.
622 1901 699 1952 Vind.
710 1907 733 1951 1.
752 1904 776 1950 io
789 1918 839 1966 qno
850 1911 876 1952 et
888 1905 978 1953 seuero
994 1918 1040 1966 pro
1050 1905 1123 1952 idei.
1156 1903 1239 1952 Ptolo
1250 1911 1311 1954 snte

224 1961 335 2024 Pompeio
347 1962 387 2011 Η.
403 1963 429 2010 in
448 1964 520 2013 Tors.
538 1965 602 2013 Coti.
623 1973 650 2015 et
671 1966 745 2015 Vino.
762 1967 867 2016 llelnsc.
884 1967 1060 2016 terruisse-1
1082 1965 1248 2030 Codicillisqse
1258 1967 1313 2028 isc.

224 2025 297 2073 cort.
308 2025 375 2074 Edu.
388 2026 459 2074 Rom.
470 2041 509 2090 pr.
518 2028 585 2076 Ven.
595 2029 654 2076 Sub.
664 2029 737 2078 Celti.
748 2030 820 2079 Med.
831 2032 907 2080 endec.
920 2031 1016 2079 Medic.
1027 2033 1080 2080 Li.
1089 2030 1212 2078 Voss—2
1220 2031 1313 2078 Eruen-

224 2087 296 2136 desit
308 2089 345 2136 its
354 2089 427 2138 Torr.
438 2104 494 2138 cunt
507 2099 581 2140 antes
593 2093 714 2141 ederetur
725 2092 805 2140 Sestio
817 2094 925 2148 Claudio.
937 2100 965 2141 nt
977 2094 1002 2139 in
1012 2094 1086 2142 Voss.
1097 2093 1166 2141 Duo.
1176 2094 1217 2141 vel
1228 2093 1313 2144 Sexto

227 2151 325 2201 Clustlio
336 2158 365 2199 ut
375 2151 400 2199 ln
413 2153 496 2204 Peris.
513 2153 628 2203 llsrlent.
646 2155 720 2204 linis.
738 2156 854 2219 aliisque.
878 2157 937 2206 Sex.
959 2156 1057 2206 Cluuiis
1072 2156 1138 2205 Ven.
1153 2159 1178 2205 2.
1191 2159 1216 2205 8.
1240 2155 1313 2206 Sero

227 2215 327 2263 Cisseis
344 2215 425 2277 lngo.
442 2217 595 2267 stunt-nto.
616 2219 703 2281 Stepls.
738 2218 813 2268 Sesto
832 2221 915 2268 Clodio
932 2219 998 2268 Eoo.
1019 2218 1101 2267 Pstis.
1136 2218 1213 2267 Sestio
1233 2219 1314 2268 Gsliis

224 2277 331 2327 Mesom-
343 2293 400 2328 cum
413 2293 462 2331 uno
473 2281 546 2328 Tors.
570 2283 654 2330 Sextio
667 2281 752 2331 Gusiio
762 2283 839 2332 Viud.
849 2287 873 2331 t.
884 2297 964 2344 marg.
980 2281 1029 2331 Eu.
1041 2281 1114 2332 Med.
1137 2281 1214 2331 Sestio
1227 2283 1314 2332 Gestis

226 2341 291 2402 Cup.
302 2342 398 2393 Medic.
407 2347 430 2392 l.
440 2345 463 2392 ³.
474 2359 504 2392 sc
513 2344 578 2392 Cod.
589 2344 692 2406 ernest,
704 2346 760 2408 ipso
772 2346 898 2408 probante
910 2347 971 2396 Fue.
983 2347 1049 2396 crit.
1062 2354 1079 2393 t.
1091 2359 1109 2394 s.
1121 2361 1145 2406 p.
1156 2350 1212 2396 891.
1238 2346 1313 2396 Sesto

227 2405 324 2454 (lulioio
343 2405 418 2454 Hnls.
439 2407 538 2456 Sestitio
555 2408 636 2456 Guiiio
652 2409 716 2458 alius
732 2409 777 2457 lib.
788 2411 910 2460 Turn—³
929 2411 1010 2460 Nullis
1028 2407 1092 2458 Eriti.
1111 2407 1209 2473 Gryph.
1225 2409 1313 2460 Plent.

226 2469 289 2518 Mos
300 2469 327 2518 its
336 2473 454 2536 questura
466 2472 540 2522 Viuo.
556 2473 662 2524 Beluae.
675 2472 801 2540 probante
812 2474 894 2526 Βοιὼ.
918 2479 1035 2538 epotatura
1046 2472 1119 2523 linis.
1130 2481 1159 2523 et
1173 2479 1314 2538 meatu

707 2679 817 2732 NOTAE

261 2805 385 2856 ”blsrsss
412 2809 555 2858 consuisse
581 2807 751 2875 [consotient]
821 2813 979 2878 scudiciltis]
987 2811 1046 2864 Hoc
1057 2816 1107 2876 est,
1117 2810 1159 2862 vel
1167 2809 1259 2865 literis.
1271 2810 1313 2859 sel

228 2880 294 2932 Ques
305 2897 375 2944 cura,
383 2889 468 2932 stante
487 2885 638 2946 Republics,
657 2887 751 2934 Censo-
790 2889 958 2952 pugilaribus,
980 2889 1041 2952 quin
1059 2895 1087 2937 et
1103 2887 1187 2950 accipi
1207 2893 1315 2948 possunt

228 2968 283 3007 mm
302 2964 369 3020 eret,
384 2961 427 3020 qui
441 2959 548 3020 singulis
569 2960 751 3024 quinquenniis
792 2977 838 3024 pro
849 2963 1041 3026 diplomatibus,
1052 2975 1110 3025 utres
1129 2961 1189 3024 quid
1201 2960 1262 3021 sint,
1272 2975 1314 3010 so·

227 3030 464 3092 cressementum
482 3047 527 3081 eos
545 3036 670 3082 translate
682 3041 751 3098 post·
793 3051 840 3097 pre
851 3037 877 3084 iu
894 3036 1010 3098 Augusto
1022 3049 1078 3098 esp.
1088 3039 1129 3084 tt).
1145 3033 1212 3082 Vide
1230 3040 1259 3081 et
1276 3032 1314 3082 in·

228 3105 330 3156 modom
341 3115 397 3168 est3
413 3122 477 3171 quos
494 3124 590 3159 morum
608 3108 753 3161 Profectus
791 3109 902 3172 t'rscap.
914 3115 956 3159 tl.
967 3113 1015 3158 tec.

228 3181 411 3244 disere,qustn
423 3183 470 3230 sibi
482 3183 544 3246 ipsis
554 3185 642 3234 Cressr
657 3191 686 3234 et
697 3185 751 3234 Au·
824 3185 961 3232 rotantem
988 3181 1110 3243 mersos]
1140 3170 1194 3232 itui
1221 3194 1314 3244 nempe

228 3261 316 3315 gustus
325 3266 520 3319 arrogaverunt,
532 3266 561 3308 ut
578 3272 656 3321 supra
668 3259 692 3307 in
703 3257 751 3309 Ju·
791 3271 848 3306 sese
871 3265 922 3306 tem
944 3255 1019 3306 seriis
1035 3269 1110 3320 quem
1117 3255 1186 3318 jocis
1203 3255 1257 3318 ejus
1271 3267 1314 3307 st·

229 3329 264 3378 lio
276 3344 334 3393 csp.
345 3335 385 3382 76.
396 3337 423 3380 et
437 3331 553 3394 Angusto
564 3346 622 3394 esp.
641 3337 683 3382 tt.
697 3331 749 3380 Alii
789 3331 988 3382 commodarent.

229 3405 319 3469 legunt
349 3406 496 3456 consuisse.
550 3407 625 3458 erod
648 3414 750 3470 potest3
820 3403 1314 3466 ·c0uutets]llocest,coeusturumse

230 3479 396 3545 corrigebant
422 3482 488 3530 enim
510 3487 539 3530 et
567 3479 752 3543 corripiebant,
790 3478 1167 3542 denuntissl13jurisconsultis
1176 3477 1244 3527 euim
1255 3491 1316 3527 oon·

230 3563 260 3603 ut
279 3555 467 3606 decessorum
486 3562 602 3605 veterum
621 3556 647 3604 iu
668 3571 752 3606 mores
793 3555 873 3604 dictio
900 3562 941 3604 est
971 3553 1131 3604 denuntiatio
1160 3553 1186 3601 ln
1214 3559 1316 3602 certum

231 3631 480 3695 potestate,(leltius
489 3631 534 3680 lib.
549 3645 587 3681 ss.
598 3635 704 3695 capto.
794 3631 871 3680 diem.
904 3629 974 3680 Hinc
989 3628 1117 3678 condictae
1135 3641 1214 3677 uoeuss
1231 3640 1270 3676 ess
1280 3626 1318 3675 ut-

262 3705 465 3764 terassonam
484 3704 568 3767 Urbis]
584 3706 624 3756 De
642 3707 690 3756 boc
702 3721 755 3754 usu·
795 3705 930 3767 cebsnttsr,
948 3704 981 3753 sd
998 3719 1062 3767 quss
1084 3702 1198 3753 convive
1218 3702 1316 3763 seipsos

232 3779 332 3830 nereio
348 3779 465 3843 Augusto
482 3785 592 3842 ospiti.
626 3781 754 3831 Hrectsm
795 3779 942 3828 invitarent.
975 3775 1318 3838 Cicerolib.l?smil.Eplst·

232 3861 305 3903 srcts
315 3853 415 3903 Tiberii
426 3868 484 3903 cum
496 3855 577 3907 Lucio
589 3854 683 3904 Pisone
694 3870 754 3904 con·
794 3859 819 3905 0.
837 3855 921 3904 ‘cusu
936 3852 997 3902 milti
1012 3851 1179 3908 condixisset,
1205 3850 1328 3914 constit*

232 3928 341 3979 suetudo
360 3930 517 3992 persuaserit
535 3929 644 3978 eundern
667 3927 755 3992 fuisse,
795 3927 863 3990 apud
876 3928 932 3978 me.¹
966 3929 1001 3976 lit
1011 3925 1078 3975 inlrs
1089 3923 1180 3975 crsuu.
1199 3937 1257 3988 esp.
1275 3927 1316 3976 ll.

232 4003 276 4068 qni
287 4003 401 4068 ejusdem
413 4003 508 4052 Tiberii
519 4002 756 4064 impetraueran-
794 4001 899 4052 ‘Snbita
910 4001 1083 4065 condictoque
1092 3997 1209 4061 coenuls,’
1220 4001 1269 4047 &a

232 4079 318 4130 nicom
337 4079 364 4128 in
381 4079 457 4141 Syrie
481 4091 582 4126 senene
598 4076 710 4138 sustulit,
727 4085 756 4128 ut
826 4074 1186 4139 'Nestishlliileguutsrstiie-
1203 4073 1278 4125 Quod
1289 4079 1318 4124 st

232 4153 299 4204 infra
317 4155 343 4202 in
362 4151 478 4217 Caligula
500 4166 559 4214 cap.
573 4155 598 4200 Β.
616 4151 666 4200 nisi
688 4152 755 4216 quod
794 4156 890 4216 potest,
908 4151 981 4215 qussi
992 4163 1085 4213 nempe
1103 4148 1129 4197 ld
1141 4162 1316 4200 unumecost·

234 4233 328 4284 Lucius
338 4233 391 4296 bic,
401 4231 486 4282 Cnetss
498 4230 541 4280 ille
553 4235 699 4282 sereretur.
797 4225 932 4280 suetudine
943 4225 1065 4278 uoluisset
1075 4224 1243 4278 immutatum·
