3120 4926
291 403 313 465 4
637 403 1046 462 unumunurn-causti

293 556 380 634 sent,
395 563 432 622 ut
444 555 644 637 arrogantiae
659 554 728 619 sere
739 554 916 630 uideretur,
927 553 1070 618 subinde
1081 553 1115 618 in
1129 553 1295 618 diversam
1309 570 1385 617 sen·

292 661 427 723 tentiam
445 656 612 741 judicare,
634 654 905 739 importunitatis,
930 656 1075 738 vestigia
1093 674 1209 719 eorum
1225 655 1335 738 sequi,
1351 662 1387 719 et

183 841 188 848 Ι
291 762 412 828 molius
420 759 494 842 jam
509 757 669 840 exposita
684 763 804 839 praeter
818 758 1052 821 necessitatem
1066 763 1234 840 repetere;
1258 756 1388 840 perspi-

293 863 433 938 ciebam,
455 867 614 943 quantam
630 857 815 939 argumenti
831 858 973 922 mrictas
987 877 1053 920 non
1071 857 1222 921 historiar
1244 862 1386 935 tantum,

294 963 351 1029 sed
369 961 478 1026 omnis
494 962 574 1025 vitae
591 961 702 1041 reique
717 958 956 1034 Romanorum,
971 978 1045 1023 cum
1063 958 1210 1040 publicae
1232 966 1302 1022 tum
1321 960 1388 1041 pr'i·

294 1071 394 1142 ratae,
414 1063 596 1145 requireret
617 1060 862 1142 cognitionem3
883 1059 972 1124 baud
993 1058 1171 1129 mediocris
1188 1058 1331 1143 denique
1351 1061 1387 1124 in

294 1172 424 1247 promtu
442 1170 513 1227 erut
526 1181 683 1226 uumerus
697 1162 863 1238 locorum,
884 1161 919 1224 iu
944 1161 1068 1244 quibus
1091 1161 1145 1224 vel
1167 1159 1302 1224 residua
1314 1168 1389 1226 tex-

294 1273 347 1330 tus
360 1264 562 1346 corruptela,
585 1261 637 1332 vel
655 1281 762 1325 rerum
779 1261 928 1342 ipsarum
941 1259 1118 1323 difficultas
1133 1279 1253 1322 vanarn
1274 1259 1388 1326 bacte-

293 1385 356 1430 nus
372 1366 515 1429 aliorum
531 1382 667 1446 operam
683 1361 893 1442 reddidisset.
926 1361 1132 1438 Accedebat,
1143 1361 1234 1444 quud
1246 1381 1297 1432 eu,
1312 1383 1387 1446 quae

294 1484 338 1529 ex
355 1466 451 1529 novis
467 1463 640 1540 subsidiis,
664 1463 836 1528 codicibus
858 1463 1003 1528 nondum
1018 1463 1235 1547 comparatis,
1258 1464 1390 1547 alioque

293 1585 382 1629 nunc
397 1567 537 1648 primum
555 1567 588 1628 in
603 1564 712 1628 lucem
737 1564 827 1628 edito
851 1568 1028 1646 apparatu,
1050 1562 1229 1645 singularis
1243 1583 1319 1626 esse
1335 1581 1389 1626 so-

294 1667 342 1729 let
355 1667 595 1730 recentissimis
617 1666 826 1729 editionibus
850 1665 1108 1742 commendatio,
1129 1671 1254 1728 nostrae
1269 1664 1389 1728 deesse

294 1768 366 1830 fere
381 1767 563 1830 videbatur.
592 1766 669 1842 Sed,
684 1774 723 1829 ut
737 1765 807 1829 fieri
823 1766 923 1842 solet,
940 1765 1069 1842 eadem,
1082 1785 1158 1847 quse
1173 1781 1316 1829 avocare
1331 1765 1390 1828 de·

295 1868 421 1934 bebant
431 1885 453 1928 a
467 1866 593 1942 labore,
604 1866 840 1948 impedimenta
850 1866 1058 1949 praecipuum
1069 1864 1112 1929 ad
1126 1865 1389 1947 aggrediendum

295 1967 378 2033 mibi
392 1967 610 2030 admoverunt
624 1967 807 2041 stimulum,
833 1967 882 2030 ita
904 1971 1027 2042 tamem
1043 1971 1091 2042 ut,
1105 1985 1191 2047 quos
1205 1966 1390 2048 scripserat

294 2067 420 2132 librarii
436 2067 625 2144 consilium,
640 2067 733 2144 fines,
753 2088 795 2132 ne
810 2085 1037 2150 supervacuus
1052 2077 1163 2132 noster
1177 2071 1268 2132 esset
1282 2067 1389 2144 labor,

296 2167 476 2232 admodum
491 2166 701 2232 excedendus
723 2169 960 2232 existimarem.

340 2267 472 2350 ltaque,
497 2288 571 2332 curn
588 2267 801 2332 Fleiscberus
818 2268 967 2331 maxima
980 2267 1153 2344 facilitate,
1181 2267 1390 2332 nullomodo

297 2389 334 2434 se
349 2370 676 2451 circumscriptorum
693 2369 838 2432 rationes
852 2374 994 2444 nostras,
1013 2378 1252 2444 asseverasset,
1268 2375 1303 2433 et
1317 2388 1390 2452 gra·

296 2470 425 2534 vissimi
444 2470 518 2545 viri,
541 2488 683 2552 quorum
702 2468 868 2550 judicium
889 2469 1064 2551 explorare
1082 2469 1216 2546 licebat,
1238 2476 1389 2534 auctores

296 2571 496 2645 extitissent,
519 2571 647 2634 accessi
670 2568 713 2632 ad
728 2587 807 2646 rem,
823 2568 876 2631 bis
890 2570 1102 2650 potissimum
1117 2570 1249 2651 legibus
1265 2573 1390 2640 consti·

296 2671 391 2745 tutis,
414 2679 451 2735 ut
473 2676 600 2734 textum
627 2668 671 2734 ad
694 2668 1046 2751 praestantissimarum
1070 2669 1251 2735 editionum
1276 2671 1389 2749 fidem,

298 2772 525 2853 criticumque,
549 2790 646 2854 quem
670 2769 837 2845 exhibent,
860 2775 1069 2852 apparatum,
1085 2790 1185 2855 quarn
1200 2774 1389 2838 castissime

297 2891 447 2956 possem,
458 2870 657 2936 reddendum
670 2888 830 2947 curarem,
845 2873 1112 2938 commentarium
1126 2873 1273 2939 historiae
1284 2877 1390 2940 roaxi-

296 2992 350 3037 me
365 2974 516 3056 ipsisque
528 2974 627 3038 rebus
642 2991 687 3036 ex
701 2971 776 3036 aliis
791 2973 1013 3038 monumentis
1029 2974 1232 3038 illustrandis
1245 2971 1393 3042 destinass

296 3093 377 3150 rem,
392 3073 523 3137 clarem
538 3073 682 3157 denique
694 3073 907 3156 adjungerem
919 3075 972 3138 vel
983 3075 1190 3156 glossarium,
1200 3076 1390 3158 quodultra

297 3173 443 3254 vulgaris
468 3173 589 3242 indicis
612 3174 755 3248 modum,
781 3173 815 3236 in
840 3173 974 3238 uberius
993 3175 1195 3257 explicanda
1209 3176 1389 3244 latinitate

297 3292 428 3356 usuque
444 3273 577 3338 dicendi
589 3292 666 3338 eum
678 3277 858 3350 communi,
871 3282 942 3339 turn
954 3273 1072 3339 Nostri
1083 3283 1277 3342 versaretur.
1299 3277 1389 3341 Frui-

297 3382 381 3436 nent
394 3379 504 3437 autern
525 3376 611 3438 iuter
626 3374 805 3456 superioris
820 3375 937 3438 seculi
952 3374 1114 3440 editiones
1131 3385 1210 3453 tres,
1227 3379 1389 3444 Burman·

297 3474 409 3549 niana,
434 3471 727 3554 Oudendorpiana,
750 3483 785 3538 et
808 3474 1019 3550 Emestiana,
1045 3496 1066 3540 a
1086 3477 1214 3542 Wolfio
1235 3482 1387 3561 repetita,

299 3573 357 3636 sed
371 3573 421 3636 ita
435 3572 569 3638 diverso
582 3573 722 3640 consilio
736 3574 914 3652 institutae,
925 3581 963 3638 ut
974 3575 1140 3642 diversum
1151 3579 1251 3643 etiam
1263 3599 1388 3659 eurum,

299 3673 357 3756 qui
373 3681 512 3736 utuntur
524 3674 576 3749 iis,
588 3670 754 3755 judicium
768 3675 945 3758 requirant.
983 3674 1066 3740 Cum
1078 3680 1166 3743 enim
1178 3679 1387 3748 Burmannus

299 3773 568 3856 copiosissimam
592 3775 854 3852 annotationum,
878 3794 965 3858 quas
986 3779 1138 3860 superior
1151 3787 1235 3844 artas
1250 3800 1387 3865 pepere-

299 3881 362 3949 rat,
372 3876 502 3957 sylvam
518 3893 580 3938 suo
597 3875 718 3959 suique
728 3877 891 3959 temporis
905 3895 996 3941 more
1011 3878 1104 3962 larga
1118 3899 1217 3944 manu
1229 3882 1385 3962 dedisset,

300 3975 464 4036 successit
478 3972 743 4059 Oudendorpius,
767 3977 919 4059 princeps
935 3977 1002 4042 tere
1016 3980 1102 4046 inter
1119 3982 1266 4048 Batavos
1281 3986 1313 4048 in
1328 3986 1386 4048 eli·

300 4074 431 4138 mandis
448 4074 634 4140 Latinorum
652 4079 883 4156 monumentis,
899 4087 1100 4164 secutusque
1113 4085 1249 4166 quidem
1260 4085 1384 4154 Graevii

302 4183 335 4240 et
349 4175 591 4246 Gronoviorum
608 4179 759 4260 vestigia,
775 4185 868 4246 tanta
883 4179 1040 4247 excelluit
1061 4183 1095 4248 iu
1115 4185 1287 4270 subsidiis,
1310 4205 1385 4269 quse
