3216 4918
660 429 853 478 risnnrus.
1236 417 1301 484 463

210 571 500 638 consuetudinemd
516 570 689 652 antiquam
702 571 886 649 retulisset,
897 571 939 636 de
952 573 1137 657 majoribus
1150 575 1222 638 suis
1237 593 1299 657 pro

210 674 390 738 concioue⁹
425 671 641 736 memorandi.
687 668 904 747 Quorundam
934 673 1110 738 illustrium
1136 675 1300 758 exequias

211 773 376 858 usquead
392 781 528 853 rogum·
552 771 782 865 frequentavit
826 772 945 837 Parem
970 777 1227 848 moderationem
1243 776 1301 839 mi-

208 876 346 938 uoribus
360 892 496 956 quoque
518 879 550 938 et
570 874 721 955 personis
737 878 770 936 ei
785 874 883 937 rebus
899 876 1064 940 exhibuit.
1109 876 1192 941 Com
1208 875 1301 940 Rho·
1392 931 1396 938 .

209 976 335 1040 diorum
365 975 590 1056 magistratus,
613 974 704 1056 quod
729 974 839 1038 literas
861 976 1017 1057 publicas
1040 978 1112 1040 sine
1132 977 1300 1059 subscrip-

207 1071 317 1140 tionef
338 1074 380 1139 ad
396 1093 434 1137 se
448 1074 616 1151 dederant,
632 1083 819 1152 evocasset,
836 1095 877 1140 ne
893 1078 995 1142 verbo
1009 1078 1143 1160 quidem
1157 1079 1301 1142 insecta·
1331 1087 1334 1095 '
1405 1109 1410 1118 ·

206 1183 303 1253 tus,¹⁰
318 1194 358 1239 ac
368 1175 593 1240 tantummodo
601 1175 716 1258 jussos
726 1177 950 1256 subscribere,
963 1180 1097 1244 remisit.
1129 1179 1299 1259 Diogenes

673 1371 850 1393 lemme?

205 1517 265 1565 ienr.
274 1515 349 1562 Voss.
358 1528 415 1562 cunr
428 1512 494 1565 Edd.
505 1515 579 1591 Rprn.
589 1515 656 1590 Vsu.
666 1517 737 1565 Med.
749 1517 823 1568 Csid.
837 1518 922 1582 Lngd.
933 1519 1007 1570 Junt.
1021 1518 1079 1568 nui.
1090 1518 1181 1580 Stepb.
1194 1531 1242 1568 neo
1252 1518 1298 1567 inr-

207 1579 299 1642 probst
310 1579 398 1628 Burni.
424 1580 504 1627 Deest
517 1593 562 1638 ⁸sris
571 1579 677 1641 Cup-tt
696 1582 837 1632 venditione
848 1585 921 1633 Voss.
933 1585 997 1633 Ere.
1010 1583 1067 1645 Crrj.
1103 1597 1142 1631 uae
1155 1583 1230 1633 etiem
1242 1597 1297 1644 pno-

206 1658 259 1692 rsne
269 1643 304 1690 tit.
330 1643 391 1691 Mox
403 1641 575 1704 mineribssqrse
584 1657 645 1704 pers.
656 1643 771 1692 Heriem.
780 1646 847 1694 Eud.
863 1649 930 1696 Vsu.
950 1646 1022 1695 Med.
1042 1599 1114 1696 ensi.
1130 1647 1196 1694 Bon.
1213 1647 1252 1694 Lu
1272 1645 1297 1695 tl.

205 1707 279 1758 Junt.
290 1706 353 1781 ring,
376 1706 409 1752 Et
420 1706 492 1754 deest
503 1705 569 1780 Efld.
580 1721 662 1782 usque
674 1707 706 1755 ad
719 1708 830 1757 cusnrrb.
842 1711 883 1772 qui
895 1712 970 1759 esuis
982 1717 1009 1759 et
1019 1711 1094 1759 Torr.
1106 1709 1178 1758 libris
1190 1661 1298 1770 sdsliffit,

206 1771 244 1820 utl
256 1779 296 1818 est
308 1783 333 1816 tn
345 1771 450 1818 Menum.
462 1769 558 1818 Metire·
571 1769 651 1819 Polrt.
662 1770 784 1834 Cui-1⁰
801 1773 937 1822 lucrentur
946 1774 1019 1823 Huis.
1045 1774 1148 1822 Deinar
1159 1773 1297 1822 delendum

207 1835 261 1884 rult
270 1835 342 1883 l'osr.
362 1832 476 1883 Iovind.
485 1839 509 1882 l.
518 1833 637 1894 reicies
653 1835 828 1899 Poucjssrss,
838 1845 866 1886 et
875 1840 952 1900 psulo
962 1845 1022 1888 ente
1033 1853 1048 1886 u
1058 1851 1083 1887 ss
1092 1838 1145 1886 ded.
1163 1837 1194 1886 Iu
1207 1837 1297 1887 eodem

697 2011 807 2064 NOTAE

205 2123 288 2175 Rufus
300 2121 408 2174 Helvios
419 2122 513 2171 servsri
523 2122 586 2172 civis
599 2121 678 2172 decus
691 2136 730 2172 re·
769 2125 802 2174 de
813 2141 859 2176 eno
869 2126 960 2177 funere
971 2129 1075 2191 loquens
1086 2127 1139 2174 ait:
1156 2123 1164 2152 ‘
1175 2123 1199 2172 Si
1213 2123 1296 2187 piguit

206 2201 276 2262 tulit,
286 2199 445 2262 deustosque
457 2205 497 2247 est
509 2198 542 2247 sb
552 2196 669 2260 Apronio
680 2205 732 2246 tor·
769 2207 856 2264 portes
868 2204 934 2252 niue
946 2200 1096 2264 procedere,
1114 2208 1141 2249 er
1159 2199 1222 2248 illud
1235 2198 1296 2249 Jm.

205 2277 297 2342 quibus
309 2285 336 2326 et
347 2276 430 2324 besto.
464 2273 550 2322 Caesar
561 2271 660 2321 eddidit
670 2273 731 2322 cisi·
768 2275 853 2332 sisses,
859 2277 953 2326 lectum
965 2277 1058 2326 lentius
1068 2276 1105 2324 ire
1116 2273 1217 2323 menni!
1237 2274 1296 2324 ero

205 2367 262 2402 erm
273 2365 401 2405 ceronam,
413 2349 480 2414 qnod
498 2362 549 2398 non
561 2359 617 2398 esur
629 2361 731 2412 qnoque
768 2357 855 2401 tannen
874 2352 900 2400 tn
917 2349 1002 2400 officio
1019 2350 1138 2399 ribertus
1152 2348 1177 2398 in
1194 2361 1295 2412 quoqne

205 2426 402 2490 Aproniusjore
413 2422 577 2474 Proconsulis
590 2421 731 2486 tribuisset,
768 2427 898 2478 civilitatis
917 2427 1084 2492 adjungebet,
1101 2433 1130 2475 ut
1144 2431 1218 2474 entre
1237 2438 1296 2486 por.

204 2507 309 2564 qrrestus
332 2499 412 2561 magis
433 2512 509 2562 quem
532 2494 662 2546 offensus!
691 2497 731 2545 De
769 2503 941 2566 tususquead
954 2517 1043 2566 rogum
1063 2502 1146 2563 ipsum
1158 2500 1295 2549 comitere·

205 2575 357 2623 milimibll‘
366 2573 450 2633 d⁰⁰i¹s
462 2569 529 2634 ¹⁴¹¹ss-
541 2585 598 2634 esp.
610 2573 633 2620 3·
642 2576 670 2619 0⁸
678 2574 719 2620 ²⁵·
769 2585 811 2628 tur
822 2591 927 2640 pompss
944 2576 1067 2626 funebres
1079 2576 1224 2624 illustrium.
1253 2575 1294 2622 lie

236 2648 248 2682 ⁶
267 2647 474 2709 ΠΜΜΜ]
489 2645 557 2695 ΝΜ
566 2645 731 2708 milhmin·
768 2653 920 2703 funebribus
938 2651 1091 2702 cerimoniis
1108 2652 1134 2700 in
1149 2650 1219 2702 lolio
1235 2663 1296 2712 esp.

204 2726 300 2775 bonore
311 2727 384 2788 inito,
397 2725 493 2788 populo
507 2722 605 2786 gratiss
620 2721 732 2784 egebant
768 2732 809 2777 gs,
821 2735 849 2776 er
859 2733 900 2778 sp,

205 2802 322 2852 cretione
334 2801 499 2863 celebrique
510 2805 537 2847 et
548 2795 730 2860 densioribus
799 2800 1004 2866 imum]
1012 2801 1219 2864 subscriptione.
1228 2798 1295 2861 eju..

204 2877 256 2926 suis
283 2873 496 2926 commemorandi
522 2879 638 2936 potestas
665 2879 730 2921 eret.
767 2877 837 2926 modi
856 2891 907 2926 non
925 2885 999 2926 erent
1016 2878 1156 2936 nominum,
1167 2875 1212 2923 sed
1224 2875 1293 2923 clau.

204 2951 484 3016 Quodgeuoebonoris
499 2951 731 3014 oniperteePrin·
768 2953 831 3000 sole
853 2951 969 3015 quedem
992 2951 1023 2998 iis
1051 2951 1132 2999 literis
1160 2948 1293 3007 sdbibltre,

205 3029 257 3092 cipi
269 3028 383 3077 delatnrn
402 3035 451 3088 ert,
468 3025 558 3076 eodem
575 3033 662 3074 temen
679 3025 730 3081 die,
767 3041 830 3090 quse
841 3025 874 3074 sd
886 3024 1034 3086 Principem
1044 3022 1192 3081 mittebant,
1207 3021 1292 3085 eujus·

205 3101 330 3152 Kelendis
362 3114 455 3163 oenpe
478 3099 618 3160 ianuariis,
644 3113 659 3148 s
686 3113 730 3149 no·
767 3101 837 3150 rnodi
854 3106 915 3149 suut
930 3097 1165 3162 rotsprolrnperii
1178 3096 1292 3157 lurpere·

204 3177 242 3228 ris
265 3174 417 3227 Consulibus
433 3174 549 3223 cretione
567 3173 730 3236 panegyrice.
767 3177 881 3238 totisque
899 3175 990 3223 suste.
1023 3171 1098 3223 Quod
1116 3169 1296 3219 stomacho·

205 3252 280 3303 Quod
301 3249 527 3300 senatusconsulto
545 3249 644 3311 jussum
665 3246 730 3296 indi·
766 3263 814 3298 nus
833 3248 885 3307 bio,
902 3255 929 3296 et
945 3245 1092 3295 Brissoniss
1110 3243 1291 3293 librorum-de

204 3333 248 3376 eet
262 3325 360 3374 Plinius
370 3323 532 3386 Panegyrico
544 3322 574 3371 srl
585 3323 730 3384 Trejsnunr.
766 3322 891 3371 Pormnlis
910 3320 1083 3384 suspieentur,
1095 3333 1128 3367 ex
1146 3318 1236 3368 Dionis
1247 3319 1290 3368 lib.

204 3399 281 3452 Quod
293 3415 310 3449 e
320 3397 473 3463 presidibus
487 3397 674 3460 provinciarum
685 3395 729 3444 ob·
767 3409 835 3446 uvir.
853 3395 897 3444 ubi
907 3403 1000 3444 suctos
1017 3393 1059 3442 ille
1076 3392 1215 3442 accersitos
1226 3392 1291 3442 dicit

203 3483 333 3526 surarum
362 3487 465 3538 quoqne
495 3479 584 3522 nerrst
609 3471 659 3520 Iiio
685 3469 729 3520 lib.
767 3472 878 3522 Rhodios
896 3465 1139 3533 magistratusque
1155 3465 1290 3514 mittentes

204 3564 282 3601 curri.
766 3543 800 3595 ed
821 3545 905 3608 ipsum
923 3543 1054 3608 quidpiam
1076 3537 1159 3600 rixis,
1180 3539 1230 3588 boc
1250 3546 1292 3587 est

228 3633 248 3660 ·⁸
267 3621 490 3690 Usquenrirogrrs]
507 3623 671 3673 Cenabum
678 3623 729 3673 col·
765 3634 854 3683 prrrss,
865 3633 916 3668 nou
932 3616 1066 3678 iecerunt3
1082 3624 1110 3664 et
1126 3613 1209 3663 simile
1227 3613 1290 3676 orriri

203 3702 261 3765 ligit
275 3715 309 3751 ex
320 3702 442 3760 hocloco,
453 3699 590 3761 Principes
601 3711 651 3747 uon
671 3713 729 3762 pro·
766 3695 844 3744 etiarn
855 3693 958 3752 colliges
969 3704 1002 3739 ex
1013 3691 1056 3740 ilio
1071 3689 1225 3751 Fragments
1237 3686 1290 3736 Au·

205 3783 307 3826 nentes
317 3773 414 3825 fouens
426 3787 545 3838 pornpsm
557 3775 605 3823 nisi
617 3774 729 3837 usquein
767 3770 835 3832 gusti
846 3767 879 3818 sd
889 3767 1020 3816 'liberium
1038 3765 1155 3829 epistolre
1172 3775 1250 3826 supro
1265 3777 1289 3813 c.

205 3849 350 3912 feruor,ubi
357 3849 502 3899 leudericus
511 3863 558 3912 pro
565 3849 663 3898 Rostris
671 3861 730 3912 per·
765 3849 807 3894 tt.
818 3851 845 3894 et
856 3857 889 3891 ex
900 3839 977 3890 Plinii
988 3839 1098 3902 epistole
1108 3841 1130 3887 l.
1140 3836 1220 3886 libx.
1231 3849 1289 3899 ques

205 3936 275 3990 sets,
294 3941 351 3976 euro
368 3928 400 3975 sd
417 3925 581 3976 cremandum
598 3931 673 3972 extre
689 3937 729 3972 ur·
766 3926 808 3968 est
828 3918 860 3967 sd
881 3916 1027 3978 Preieuum.
1067 3911 1192 3972 Exempla
1211 3910 1289 3960 etiem

203 4003 262 4052 bem
274 4001 471 4052 aderescereri
484 3998 729 4063 procederenasese
766 3993 938 4056 Epistularum
958 3988 1083 4052 ejusmodi
1105 3987 1199 4050 passim
1219 3986 1288 4048 apud

203 4079 253 4142 ipsi
277 4079 452 4142 recipiebant:
475 4075 520 4126 sed
544 4082 572 4123 et
593 4074 729 4137 plerosque
766 4068 911 4132 Scriptores
922 4064 1043 4116 ilistorlss
1055 4063 1189 4126 Augusta,
1199 4061 1224 4110 iu
1234 4063 1289 4126 qul·

205 4156 267 4204 elios
289 4155 314 4204 id
336 4153 471 4203 fsetitsrse
492 4151 613 4212 colligere
634 4157 676 4198 eet
696 4161 729 4196 ex
765 4143 812 4194 bns
832 4151 918 4192 temen
932 4138 1048 4190 omuibus
1064 4151 1114 4188 non
1130 4137 1289 4188 extet-cleu·

204 4231 248 4280 ilio
267 4229 400 4294 Propertii
418 4227 536 4282 disticte,
554 4224 598 4274 ubi
617 4223 729 4288 Cynthia
768 4220 831 4269 sole.
