3216 4918
661 403 850 452 nraunrus.
1234 395 1297 458 431

202 547 282 610 dnm
299 544 456 623 instituit,
474 545 546 610 sine
560 545 676 610 liotore
690 555 751 612 aut
772 548 897 614 viatore
921 551 1115 632 gymnasia³
1133 551 1298 618 interdum

202 646 435 723 obambulans,
474 653 655 728 mutuaque
686 666 762 711 cum
784 646 952 714 Graeculis
980 648 1092 715 officia
1122 671 1298 734 usurpans,

202 767 306 831 prope
335 768 379 812 ex
410 766 520 831 aequo.
566 747 668 812 Forte
693 749 887 832 quondam⁴
909 750 945 814 in
976 751 1187 834 disponendo
1218 755 1296 818 dieg

201 869 297 914 mane
325 849 541 933 praedixerat,
566 851 725 934 quicquid
754 859 936 933 aegrorum⁵
966 853 1000 916 in
1030 854 1169 919 civitate
1197 863 1297 932 esset,

201 952 334 1016 visitare
347 969 385 1014 se
402 952 509 1016 velle:
532 951 568 1016 id
592 952 789 1035 aproximis
812 952 908 1018 aliter
927 961 1107 1036 exceptum
1120 977 1128 1020 :
1139 954 1174 996 ⁶¹²
1192 957 1299 1041 jussi·

200 1071 265 1135 que
279 1059 357 1116 sunt
372 1072 487 1117 omnes
504 1054 585 1135 aegri
608 1055 642 1117 in
662 1054 831 1136 publicam
846 1056 1012 1136 porticum
1034 1045 1163 1135 deterri,
1180 1078 1221 1122 ao
1237 1079 1298 1142 per
1356 1130 1360 1138 ,

202 1153 435 1216 valetudinum
464 1152 601 1236 genera¹
630 1154 774 1238 disponi.
833 1155 1039 1221 Perculsus⁷
1066 1159 1163 1240 igitur
1192 1159 1298 1243 inopi-

201 1261 282 1318 nata
299 1273 344 1332 re,
362 1256 420 1320 diu
435 1257 515 1340 qnid
539 1263 655 1339 ageret
668 1259 827 1336 incertus,
842 1257 972 1322 tamen⁸
998 1260 1143 1342 singulos
1159 1261 1276 1327 circuit
1291 1284 1300 1343 ;

201 1556 240 1600 las
259 1552 317 1614 an.
338 1557 365 1600 et
383 1553 434 1602 llrr‘e
454 1553 521 1603 Edd.
540 1553 651 1604 Casaub.
672 1553 753 1602 Scriv.
771 1553 859 1603 Graev.
878 1555 1008 1607 Grau—³
1025 1555 1068 1605 Sic
1085 1571 1142 1606 cnm
1161 1571 1210 1606 uno
1223 1559 1297 1608 Torr.

200 1616 305 1664 Merum.
325 1624 353 1665 et
374 1617 439 1664 Edd·
457 1619 546 1680 Camp·
568 1619 649 1680 ergd.
669 1631 808 1678 reposuere
828 1615 939 1668 Caeaub.
961 1619 1049 1670 Graan.
1069 1621 1298 1685 OudetBaumss.

200 1680 252 1728 Aru
264 1688 368 1729 tuentur
376 1682 499 1744 maneb
511 1696 569 1730 curn
582 1683 644 1730 blas.
655 1691 682 1730 et
695 1681 762 1730 Edd.
775 1689 874 1732 tantum
888 1696 938 1733 noo
949 1685 1074 1732 omnibus.
1109 1686 1171 1734 Mox
1181 1687 1207 1734 in
1219 1687 1296 1736 Vind.

201 1749 223 1792 1.
234 1743 275 1808 off
286 1750 457 1807 occupem-4
471 1746 513 1795 lta
524 1747 647 1795 exhibent
659 1746 765 1794 Memor.
777 1747 841 1809 cop.
854 1747 971 1798 Harlern.
985 1748 1081 1798 Medic.
1094 1749 1173 1799 Potin.
1186 1760 1296 1814 riter-que

199 1807 276 1856 Vind.
288 1809 360 1856 Torr.
373 1809 451 1858 Fonc.
465 1811 533 1859 Dun.
545 1825 603 1858 curn
620 1810 687 1858 Edd.
701 1810 774 1860 Vctt.
790 1821 885 1872 praeter
899 1813 970 1860 llonr.
981 1811 1039 1860 nid.
1051 1813 1139 1876 Steplr.
1151 1814 1233 1878 Lugd.
1245 1829 1297 1877 peoe

198 1873 296 1934 prodam
307 1873 378 1922 dant.
412 1873 499 1922 Graev.
513 1875 582 1937 conj.
594 1873 724 1923 acrilrend.
737 1877 845 1935 qaudam.
880 1879 960 1925 Deest
964 1877 1033 1936 sorte
1044 1877 1110 1926 Edd.
1124 1879 1189 1928 Boo.
1200 1878 1297 1929 Sabell.

199 1935 271 1984 bled.
281 1935 403 1985 cala-⁵
417 1937 544 1986 Emendat
555 1939 620 1987 'l'an.
633 1938 725 1993 Faber,
737 1939 859 1998 librorum,
871 1940 961 1990 Graev.
973 1941 1111 2002 Graiorum,
1127 1942 1216 1990 Burm.
1227 1958 1298 2004 equo-

197 2015 258 2048 rum.
281 2001 354 2049 Torr.
374 2002 462 2064 placet
480 2017 600 2064 agrorum,
618 2003 686 2065 qnod
705 2002 810 2050 exbibet
823 2018 887 2052 unns
900 2019 932 2052 ex
949 2007 1001 2053 anis
1014 2003 1097 2052 Codri.
1111 2019 1168 2054 cum
1181 2006 1259 2054 Vind.
1274 2013 1295 2057 1.

199 2073 226 2114 et
239 2062 287 2112 Ed.
299 2065 384 2115 Paris.
395 2075 422 2114 et
433 2067 493 2114 olim
508 2067 576 2130 Lips.
591 2067 642 2114 Ms.
660 2080 706 2114 ano
717 2067 883 2128 ascripserat.
908 2070 1063 2129 AEgrotorum
1077 2069 1135 2118 Pal.
1150 2083 1224 2130 onas,
1237 2073 1296 2118 rali-

198 2129 241 2191 qui
254 2135 359 2178 tuentur
369 2131 438 2193 vulg.
449 2144 575 2192 aegrorum,
592 2130 659 2194 quod
671 2130 811 2179 vendicant
823 2131 894 2180 Oud.
904 2133 968 2180 Era.
1002 2132 1091 2181 Habet
1102 2133 1208 2183 Menam.
1220 2136 1296 2182 nitore

197 2207 230 2241 re.
254 2192 338 2242 Paulo
355 2201 414 2242 ante
431 2194 456 2241 in
476 2197 544 2244 llun.
561 2197 782 2258 prodicerent-ti
799 2195 829 2242 ln
842 2193 908 2243 Edd.
921 2195 1074 2259 qrribnsdam
1086 2202 1176 2260 except.
1187 2202 1230 2252 est.
1248 2199 1295 2246 aed

198 2257 294 2305 delevit
306 2259 394 2306 Burm.
406 2273 420 2306 e
432 2257 483 2305 suis
495 2259 560 2307 Mss.
573 2267 600 2307 et
611 2257 678 2307 Edd.
686 2260 759 2307 Vett.
771 2272 819 2308 nec
829 2265 961 2322 comparet
973 2261 997 2307 in
1007 2260 1104 2309 Medic.
1117 2264 1142 2308 2.
1150 2265 1174 2311 t.
1185 2270 1295 2326 utroque

198 2320 277 2396 Vind.
291 2321 396 2369 Mamm.
415 2323 487 2372 cort.
509 2324 585 2372 Fonc.
604 2322 677 2372 Voss.
691 2331 736 2371 ant
747 2323 798 2372 ulla
810 2323 859 2372 Ed.
872 2331 932 2372 ante
943 2325 1003 2372 Bas.
1038 2325 1170 2400 Deiotagri
1179 2326 1258 2375 Vind.
1270 2331 1294 2374 l.

133 2493 134 2496 γ
198 2385 598 2510 titttttttritlurtlt
611 2387 1296 2514 intitubabili?utilitia:itit

197 2513 1002 2628 ‘c'iiM‘llssiili'di'ill'¹²1⁰>'²itib³⁶·i¹tdtd{“i¹'illi
1019 2515 1296 2632 titulabit?

198 2655 241 2703 que
253 2591 328 2688 dine.
346 2594 432 2704 ὀίιιᾳμυε
449 2613 569 2705 praebenl
586 2643 648 2691 item
664 2645 709 2691 Me
730 2643 761 2690 ic.
777 2646 802 2691 8.
823 2611 976 2707 Fou'c.⁵(qui
996 2595 1216 2708 inpedienda
1234 2647 1295 2710 rui.)

198 2705 344 2770 probatque
356 2706 475 2756 ond-8
493 2707 536 2757 Ita
550 2707 665 2758 Heriem.
677 2708 748 2756 Dan.
761 2709 856 2772 aliique
871 2707 947 2758 codd.
959 2723 1018 2759 cura
1030 2709 1097 2758 End.
1109 2712 1182 2762 Vett.
1192 2709 1247 2760 fere
1259 2711 1294 2760 0.

690 2869 798 2920 NOTAE

227 2970 240 3006 Ι
260 2963 471 3029 Dispoaeudodr'e]
489 2965 596 3015 llocest
607 2964 720 3015 dividen-
763 2964 922 3029 probabilior
935 2965 1038 3014 videtur
1055 2965 1206 3016 Salmaalani
1223 2967 1294 3017 codi-

196 3038 235 3087 dis
247 3039 299 3098 diei
310 3040 444 3102 cujusdam
465 3041 678 3105 occupationibus
696 3051 722 3090 et
764 3041 800 3089 cis
816 3041 907 3103 lectio,
922 3041 1008 3105 nitore,
1028 3055 1103 3105 quarn
1122 3043 1293 3098 'formationi

196 3115 273 3176 curis,
296 3116 365 3179 qnod
388 3117 591 3180 diligentissimis
622 3131 723 3181 quoqne
763 3116 1105 3178 ngrarumrquamvisenim
1119 3116 1293 3165 Latinedice·

195 3188 344 3240 factitatnm
357 3201 405 3251 est,
425 3194 507 3242 ataui
530 3193 579 3242 sibi
600 3193 723 3256 temporis
765 3198 846 3245 retur,
859 3191 963 3238 vinitore
982 3203 1067 3252 agros,
1080 3191 1148 3254 quod
1164 3192 1241 3254 paulo
1257 3191 1294 3240 vi·

197 3265 410 3317 ratioconstaret.
765 3265 842 3314 detur
861 3264 1060 3329 infrequentior,
1078 3279 1140 3314 vero
1158 3275 1243 3316 tamen
1262 3267 1294 3317 si·

228 3337 240 3371 ¹¹
258 3340 478 3405 Aliter-exceptura]
494 3343 579 3392 Aliter
591 3355 682 3406 nempe
694 3358 724 3394 ae
765 3341 824 3390 mile
836 3355 887 3390 non
902 3339 940 3401 ur,
951 3341 975 3388 in
995 3338 1069 3388 Urbe
1084 3337 1294 3404 frequentissima

194 3417 251 3482 ipse
262 3419 382 3468 Tiberius
393 3422 539 3482 sentiebam
557 3420 724 3471 circumstan·
763 3430 881 3480 latorum
902 3423 1001 3466 tuntum
1017 3413 1113 3465 sulita:
1134 3417 1175 3466 cul
1192 3419 1294 3468 secedit

196 3503 235 3544 tes
246 3495 315 3544 eninr
328 3497 510 3546 existimavere
529 3495 555 3544 id
571 3510 602 3544 eo
617 3498 724 3546 consilio
762 3495 831 3559 qrrod
850 3503 878 3544 at
896 3495 1003 3544 aliorum
1015 3495 1167 3557 Principum
1187 3495 1294 3546 laudata

195 3570 256 3632 dici,
267 3579 296 3620 ut
311 3573 336 3619 id
350 3572 417 3635 qnod
431 3571 528 3621 factum
544 3580 594 3634 ert,
609 3581 654 3622 aut
671 3575 724 3624 tale
764 3570 912 3633 reperiatur
922 3571 1013 3619 eadem
1030 3570 1055 3618 in
1073 3584 1156 3633 aegros
1176 3571 1294 3633 comitas,

195 3645 257 3708 qnid
268 3644 415 3695 faciendum
431 3648 560 3708 innueret,
572 3656 602 3697 ut
614 3664 725 3702 courmo-
764 3649 794 3694 ul
804 3645 836 3693 da
847 3644 983 3693 Hadriano
1001 3644 1164 3706 Spartianus,
1184 3643 1217 3694 de
1231 3645 1294 3692 'l'ra-

195 3721 229 3767 dn
247 3735 292 3768 sun
312 3724 390 3783 magia
408 3725 600 3785 consuleretur;
618 3741 674 3789 qna
687 3736 725 3776 η.
759 3718 824 3782 jano
836 3728 864 3769 et
874 3719 1001 3769 Gratiano
1021 3719 1146 3768 Ausonius
1166 3721 1192 3768 in
1209 3721 1293 3769 Pane-

196 3807 254 3842 men
270 3794 326 3856 ejus
338 3811 409 3845 meas
422 3812 470 3845 non
489 3806 554 3861 erat,
571 3800 616 3848 red
635 3808 726 3851 contra
765 3796 864 3857 wlco,
886 3803 913 3843 et
934 3794 965 3842 de
982 3796 1039 3858 ipw
1058 3795 1161 3844 Tiberio
1182 3795 1234 3842 1)ῑο
1249 3794 1293 3844 lib·

195 3870 310 3933 singulos
329 3871 397 3919 dorni
416 3873 535 3921 insinere.
568 3875 726 3936 &plicatio-
765 3883 834 3919 nvrr.
852 3869 927 3920 Quod
940 3869 1292 3932 notavit'rorrentlas‚quan·

195 3957 254 3992 nem
268 3943 335 3992 banc
348 3945 546 4007 probabiliorem
559 3945 620 3994 lacit
633 3947 725 3996 velleii
765 3959 840 4007 qrrem
851 3941 961 4005 merim
971 3946 1056 4008 legere
1068 3945 1148 3996 malit.

196 4018 353 4079 arretoritss;
375 4020 416 4068 bic
436 4021 503 4068 enim
521 4019 565 4068 lib.
582 4033 612 4067 rr.
633 4024 725 4070 alit.
805 4017 997 4068 lVoletrrrlirunrr
1016 4018 1116 4082 genera]
1143 4016 1291 4088 Secundum

196 4094 261 4140 banc
274 4093 356 4156 lpsanr
376 4094 473 4144 Tiberii
492 4095 517 4143 in
531 4102 643 4158 {egrotos
662 4095 725 4145 alios
766 4093 848 4141 varias
860 4093 1005 4142 morborum
1016 4091 1189 4143 differentias:
1202 4100 1292 4142 ntuno

196 4165 382 4218 humanitatem
394 4168 492 4218 laudat.
513 4169 589 4220 Quod
603 4170 623 4217 si
637 4171 725 4234 verba,
765 4180 790 4216 v.
803 4181 827 4230 g.
839 4167 895 4216 loco
907 4166 1017 4230 podagri
1036 4167 1111 4218 simol
1128 4182 1225 4226 omnes,
1241 4169 1292 4218 alio

196 4255 247 4289 non
270 4255 372 4291 sensum
393 4243 471 4292 aliter
492 4251 627 4306 acceptum
652 4245 725 4309 velis,
765 4241 1012 4300 febricitanteatm.
1180 4244 1183 4252 '
