3120 4926
297 397 343 462 ro
729 412 760 460 o.
784 409 960 459 eunrourr

297 561 404 620 morte
420 553 568 618 Pisonis.
606 553 690 638 [ld]
711 552 866 629 inditis:
881 557 1006 634 preter
1016 551 1187 616 comitium
1202 569 1244 616 oe
1258 549 1396 629 ionrrs‚¹

296 657 551 739 bceiiicsoque,i
567 660 669 720 etiem
684 654 889 746 Cupiiolinm
903 653 1033 718 omuvit
1052 654 1235 736 porticibus
1250 653 1293 717 ud
1310 661 1393 716 tem-

294 776 364 843 pus
377 759 571 835 exstructis,
583 759 618 821 io
632 757 767 840 quibus,
787 753 1006 820 abundante*
1024 774 1133 820 rernm
1156 755 1268 837 copie,
1290 761 1395 836 pore5

296 863 499 972 oppleretur⁸
513 865 743 941 exponeretur.
778 855 1010 920 venationes·
1023 865 1138 924 untern
1152 855 1341 939 ludosquel
1354 863 1395 957 et

755 1036 936 1058 nummu

295 1151 459 1203 commendat
478 1151 556 1204 Wolf.
576 1154 734 1216 astipulante
752 1153 838 1202 Rubri.
861 1153 992 1204 Ambreeer
1011 1153 1075 1202 Mes.
1093 1151 1193 1215 aliquot
1209 1151 1287 1203 Torr.
1303 1159 1331 1202 et
1343 1152 1393 1202 Ed.

294 1216 360 1265 Bou.
370 1217 438 1280 quod
452 1218 545 1282 probet
555 1219 685 1267 Burtbios.
708 1217 802 1266 Literis
814 1219 890 1280 pnuio
902 1216 1192 1279 imnisrtetis,Ami›rosos
1201 1216 1309 1278 corrigit
1321 1215 1391 1264 Orrd.

293 1279 418 1330 leudente
434 1283 541 1344 Beunrg.
551 1283 596 1331 red
607 1297 649 1344 per
663 1282 764 1331 Umbros
774 1283 847 1331 rusiit
858 1282 948 1332 Burni.
976 1281 1105 1350 desiisset
1114 1281 1217 1330 viterb.
1227 1295 1244 1329 c
1254 1295 1287 1330 ιιι.
1298 1294 1351 1330 sec.
1364 1287 1392 1328 et

292 1345 354 1394 libri
370 1345 532 1408 regiiPeris.
558 1345 689 1394 Umbrenus
700 1345 884 1396 Ven.l.Ceid.
916 1345 1039 1394 brrirueos
1059 1345 1150 1406 ansc.
1170 1345 1231 1394 Liri.
1261 1345 1390 1394 Umbrum

295 1407 377 1458 Rbed.
394 1413 466 1458 i.—t
484 1409 602 1460 Deriitnt.
623 1413 658 1460 cst
678 1407 805 1460 riuis-r
821 1409 977 1459 Airrsndorrter
993 1409 1069 1460 Junt.
1087 1407 1204 1472 repetite
1222 1408 1262 1458 bis
1280 1408 1391 1459 literar.

793 1567 899 1622 NO'l'B

293 1682 442 1746 suspicetur
457 1682 567 1746 intelligi
584 1682 712 1732 citerioris
726 1682 822 1745 Hispe-
862 1683 928 1732 eninr
940 1683 1081 1731 Mortuum
1100 1684 1171 1731 luens
1190 1687 1246 1732 eret
1264 1683 1390 1747 amplissi-

214 1811 216 1816 ,
293 1757 343 1806 nire
356 1757 494 1807 barborum
506 1757 616 1822 eliqueur
627 1759 762 1822 populoru,
778 1773 822 1806 cu·
861 1757 961 1819 mue,in
972 1757 1128 1821 quujudicin
1145 1757 1209 1815 fieri,
1221 1771 1278 1809 euru
1287 1761 1389 1823 popolo

288 1835 334 1899 jure
345 1835 437 1898 opibus
457 1837 489 1886 ad
510 1851 550 1885 res
560 1837 821 1886 novandmbutere-
861 1833 912 1894 agi,
935 1833 1123 1896 contionesque
1146 1833 1235 1884 heberi
1259 1835 1389 1884 colebant.

293 1913 336 1958 trrr
349 1910 420 1972 Piso,
429 1911 498 1960 sieut
514 1919 543 1959 et
560 1911 821 1974 Ceser't'runspedn-
861 1907 998 1958 Comitium
1010 1923 1072 1958 vero
1082 1923 1142 1972 pers
1152 1909 1204 1959 t'ori
1219 1911 1335 1974 superior
1346 1911 1390 1960 ubi

292 2000 398 2036 uorum:
416 2001 466 2050 qno
478 1987 563 2050 posito
579 1987 616 2036 sic
632 1986 702 2036 foret
713 1994 822 2036 cortex·
861 1991 936 2032 erent
946 1993 1038 2034 rostro.
1060 1986 1104 2034 De
1116 1985 1208 2048 quibos
1220 2001 1277 2050 sup.
1285 1985 1317 2036 ed
1329 2002 1389 2050 erp.

292 2061 361 2112 cndu
376 2061 491 2126 pbrssier
516 2063 701 2127 ‘Pontumque
717 2077 775 2111 erse
792 2069 822 2112 nt
860 2061 885 2106 o.
917 2056 958 2108 De
970 2073 1041 2110 ruore
1052 2061 1148 2112 curuitii
1165 2076 1196 2114 uc
1214 2059 1265 2111 lori
1280 2063 1388 2113 ornsndi

292 2138 355 2187 Piso
377 2147 453 2188 extre
473 2139 561 2189 orbern
582 2153 630 2202 per
653 2138 820 2204 Lumbreuor,
861 2133 920 2184 ride
932 2133 1040 2186 bivium·

291 2213 414 2263 cererin
427 2213 490 2263 urbe
502 2227 550 2278 per
559 2215 820 2280 Transmisso-,res
891 2219 903 2254 l
919 2211 1097 2276 Baeticaeque]
1122 2212 1287 2277 impiissime
1307 2213 1388 2265 rediti-

290 2300 369 2338 norrs
381 2288 633 2340 simulmoiirentur.'
654 2289 819 2339 Vernmcum
860 2287 910 2347 eir,
926 2288 995 2337 eirea
1012 2287 1096 2338 forum
1114 2289 1150 2338 ite
1171 2291 1285 2340 construi
1304 2291 1390 2354 soliis,

289 2365 443 2428 ignorentur
470 2365 579 2429 Hispani
606 2364 651 2414 isti
675 2363 820 2425 Lambrum,
860 2361 1022 2412 ntiunlteru
1041 2371 1116 2428 perte
1130 2363 1242 2426 judicie,
1259 2365 1285 2413 iu
1303 2365 1389 2416 nitere

288 2441 391 2490 molunt
407 2441 460 2496 ulii,
480 2439 689 2490 Lernbrenosbic
708 2437 820 2501 intelligi
860 2435 964 2498 negotis
981 2447 1089 2502 possent
1105 2441 1231 2490 exerceri.
1263 2440 1294 2489 In
1311 2439 1350 2492 bis
1361 2449 1389 2492 et

290 2518 392 2566 ecculm
415 2517 518 2567 bernbri
540 2516 659 2578 dominis,
680 2517 748 2580 quod
768 2531 819 2566 uon
858 2511 999 2562 densiores
1008 2513 1163 2575 deliberare,
1173 2521 1200 2564 et
1209 2515 1318 2568 iudices
1328 2530 1389 2566 cen·

289 2592 367 2656 louge
391 2607 408 2642 s
433 2592 583 2642 Mediolano
604 2591 630 2640 in
654 2591 754 2640 Pedum
779 2592 818 2642 in·
859 2601 1075 2655 eescogooecere,
1089 2599 1118 2642 et
1137 2592 1213 2655 periti
1230 2593 1388 2642 bominesdc

290 2665 358 2719 linit.
853 2663 914 2727 jure
925 2665 1062 2716 clientibus
1074 2667 1232 2730 respendere
1244 2667 1371 2718 solebant.

322 2751 338 2776 ”
355 2743 458 2810 AEdiir'r]
484 2741 580 2793 AEdiies
603 2741 636 2794 eb
657 2743 756 2794 edibus
773 2757 818 2793 no·
889 2741 976 2789 'Prrr
985 2743 1125 2806 apparetur]
1136 2743 1230 2791 Sensus
1241 2745 1388 2805 crucien-

289 2833 349 2868 men
360 2820 446 2869 sortiti
454 2837 462 2878 ;
479 2821 536 2871 illes
553 2823 631 2886 eninr,
646 2821 714 2870 elcut
725 2827 752 2870 et
764 2821 819 2870 ries
858 2821 1013 2878 “wulpem
1023 2830 1106 2866 rerum
1112 2816 1309 2882 magnificentie
1316 2833 1388 2884 porn-

290 2893 416 2958 pubilcee,
427 2897 605 2959 equaedretoe,
614 2897 699 2956 ludos,
710 2903 738 2946 et
748 2895 817 2946 simi·
859 2903 951 2955 prequc
961 2891 1084 2941 'AEdiiitiu
1102 2893 1299 2957 congruentium
1310 2896 1388 2958 copie

288 2970 331 3028 ris,
343 2968 478 3020 cnrsbsnr.
498 2970 634 3021 asserere
646 2971 722 3020 scriis
734 2972 816 3021 creso
858 2966 1041 3025 abundantem.
1058 2970 1084 3016 in
1104 2968 1154 3018 niis
1175 2969 1316 3030 porticibus
1341 2983 1387 3032 pe.

289 3044 458 3107 temporibus.
491 3045 599 3094 curules
615 3053 725 3110 quatuor
736 3057 817 3109 neque
858 3043 919 3105 pulo
931 3043 1180 3109 proposuissem
1192 3043 1278 3093 t'ersrn
1288 3057 1385 3108 cepere

288 3119 322 3168 ud
340 3119 368 3170 J.
386 3119 528 3180 Cererem,
545 3119 590 3185 qul
611 3121 732 3170 cereeies
752 3121 816 3170 duos
857 3129 907 3167 nou
929 3125 1051 3181 potueret
1066 3123 1094 3168 ct
1112 3119 1254 3169 comitium.
1287 3121 1337 3171 Est
1357 3127 1386 3172 et

287 3194 407 3246 eddidit:
429 3195 528 3260 priores
540 3195 577 3246 sio
589 3195 653 3246 dieti
670 3197 710 3246 rei
722 3211 737 3246 e
751 3198 815 3248 selle
856 3192 907 3242 eliu
918 3193 994 3257 bojns
1006 3193 1056 3244 ioci
1072 3193 1160 3259 lectio,
1178 3195 1276 3254 willeri»
1286 3211 1332 3260 W
1343 3213 1386 3261 φ·

286 3285 379 3320 curros
402 3269 482 3334 pedes
504 3271 626 3336 iubente,
652 3271 692 3319 rel
714 3287 730 3322 e
751 3273 815 3322 sulio
853 3272 962 3330 mire,
980 3271 1021 3331 ir.
1040 3283 1091 3331 qne
1108 3275 1224 3334 recepte,
1239 3285 1331 3322 seusus
1346 3287 1385 3322 cs·

286 3344 402 3394 eburneo
424 3347 501 3395 sirius
522 3348 598 3408 cisto,
622 3361 673 3410 uiro
694 3355 814 3412 teuqum
855 3349 906 3405 set,
916 3344 942 3392 in
954 3341 1004 3393 iliis
1021 3344 1165 3407 porticibus
1181 3347 1327 3410 expositore
1341 3363 1385 3414 pe·

285 3435 363 3471 curru
371 3421 417 3485 jos
428 3421 523 3471 dicturi
532 3423 654 3472 sedentes
664 3431 812 3472 uteremur:
855 3431 910 3486 reru
920 3427 1073 3481 eppenturu
1089 3433 1121 3471 ec
1131 3421 1158 3470 in
1169 3419 1242 3472 toro:
1258 3423 1330 3488 quud
1340 3437 1385 3488 po·

285 3495 445 3558 posteriores
461 3509 522 3544 rere
534 3510 551 3544 e
566 3497 673 3558 Cerere,
682 3496 751 3560 quod
762 3497 814 3545 i‘rn·
856 3493 908 3542 tius
919 3493 1030 3544 ridetur.

285 3569 368 3620 menti
377 3583 465 3620 eurem
478 3577 597 3631 gererent
606 3577 633 3619 et
642 3583 759 3631 sunone,
770 3583 814 3622 eu·
887 3574 900 3601 ⁸
919 3567 1070 3632 Verturiones]
1081 3569 1181 3621 Quibus
1192 3568 1256 3620 iere
1264 3572 1384 3626 condele-

279 3647 325 3710 jue
344 3646 438 3710 eopire.
453 3644 568 3705 ciboriis,
584 3645 719 3706 mensuris,
731 3653 758 3694 et
769 3659 814 3695 nc·
854 3641 951 3693 buntur
961 3642 988 3692 iu
1000 3644 1110 3694 tbeetro.

286 3737 337 3787 qus
348 3719 420 3772 treus
436 3719 521 3784 fieret,
539 3721 673 3782 invigilare
690 3720 814 3769 tereben-
885 3719 898 3753 δ
915 3719 1047 3783 Indoque]
1063 3719 1122 3769 lloc
1138 3722 1196 3771 ioco
1209 3721 1246 3771 ite
1258 3721 1312 3773 indi
1324 3731 1383 3776 sunt

285 3805 346 3856 tnr;
362 3802 490 3845 uteorum
503 3793 652 3858 jurisdictio
672 3793 814 3860 dieiqueet
855 3793 1009 3858 recipiendi,
1028 3803 1056 3845 ut
1074 3795 1127 3844 siut
1146 3796 1255 3860 publice
1273 3800 1384 3850 cerebri-

285 3883 337 3920 nou
354 3871 430 3934 iunge
446 3867 559 3919 abluisse
580 3869 612 3918 rb
632 3884 663 3919 cr
681 3885 757 3936 qrreru
774 3870 813 3918 di·
854 3875 932 3934 tstee,
943 3872 986 3920 rel
1002 3871 1136 3936 placenda
1154 3871 1260 3923 deornm
1273 3875 1328 3939 ire,
1342 3877 1383 3926 rel

285 3953 349 3996 cunt
367 3947 443 4008 vulgo
465 3947 489 3995 io
511 3946 600 3996 Polior.
633 3947 676 3996 De
694 3945 813 3998 edilibus
854 3958 902 4010 pro
919 3947 1003 3997 seluto
1025 3949 1125 4011 popuii,
1147 3949 1188 3997 sel
1210 3951 1268 4013 ejus
1290 3953 1382 4015 gretie

285 4019 578 4084 inlreVesprs.cep.b.
853 4023 1031 4086 promerende
1063 4036 1141 4072 reuse
1170 4023 1266 4076 edite:
1292 4029 1382 4090 quoles

318 4103 331 4130 ¹
348 4097 476 4146 Comitium
487 4095 609 4158 ursorsrrs]
627 4097 763 4147 Comitium
776 4099 813 4147 ln·
851 4107 927 4150 erunt
942 4102 1070 4151 bominum
1088 4103 1255 4168 certationes,
1266 4104 1385 4155 locterio·

286 4179 327 4222 ter
344 4181 372 4222 et
390 4171 474 4221 iorum
495 4171 648 4221 discriminis
665 4171 727 4221 iliud
747 4182 814 4237 erut,
852 4189 1013 4241 nes‚enrsrrs,
1024 4177 1213 4242 tempeditnrn,
1224 4195 1299 4246 quern
1309 4185 1383 4247 eqni·

285 4247 354 4314 quod
367 4255 468 4313 purtem
485 4247 554 4301 iuter
572 4255 709 4300 errorum:
728 4247 813 4301 lorum
852 4262 917 4314 rum,
925 4260 953 4303 et
963 4253 1158 4315 curriculorum,
1169 4257 1219 4306 tre.
