3208 4918
640 391 837 444 cursurus
1221 385 1293 452 aon
1349 367 1352 374 ’

198 529 232 594 id
246 529 490 606 est,lnrmulam
514 533 739 616 rationemque
765 533 951 600 scribendi¹
971 556 992 599 a
1006 541 1229 619 grammaticis
1242 545 1291 606 in·

198 632 358 737 stitutum,
369 651 433 694 non
449 632 533 697 adeo
547 633 724 698 custodiit:
747 655 787 700 ae
798 637 925 701 videtur
935 657 1050 704 eornm
1066 642 1178 722 potius
1193 646 1290 727 sequi

197 733 395 816 opinionem,
415 735 472 817 qui
490 734 625 817 perinde
649 736 869 816 scribendum,
885 758 926 804 ac
948 740 1148 824 loquamur,²
1172 744 1288 808 existi·

193 842 300 920 ment.
328 833 362 896 N
364 854 417 898 arn
427 833 539 917 quod³
555 855 646 920 saepo
661 853 726 902 non
736 839 850 903 literas
863 840 975 918 modo,
987 843 1046 906 sed
1061 843 1220 926 syllabas,
1231 849 1292 912 aut

194 939 365 1016 permutat
375 941 432 998 aut
444 937 601 1018 praeterit,
610 939 793 1002 communis
805 939 998 1005 bominum*
1013 963 1104 1008 error
1117 955 1177 1008 est.
1215 945 1249 1008 N
1252 965 1290 1010 ec

197 1053 260 1114 ego
276 1033 312 1097 id
325 1041 486 1111 notarem,
500 1036 563 1098 nisi
579 1036 658 1100 mibi
669 1039 785 1103 mirum
799 1049 811 1076 ⁰
832 1041 1009 1120 videretur,
1027 1044 1203 1110 tradidisse
1227 1048 1290 1111 ali·

194 1153 294 1217 quos,
308 1137 415 1217 legato
428 1155 503 1200 eum
518 1138 685 1202 consulari
700 1159 930 1206 successorem
942 1144 1088 1222 dedisse,
1111 1154 1148 1209 ut
1169 1149 1240 1212 rudi
1256 1153 1291 1212 et

197 1235 344 1314 indocto,
360 1237 458 1320 cnjus
470 1257 569 1302 mann
584 1239 664 1303 ‘ixi’
680 1261 741 1323 pro
756 1242 851 1322 ‘ipsi'
866 1245 1026 1327 seriptum
1049 1247 1290 1312 animadverte·

197 1337 265 1400 rit.⁵
309 1335 455 1415 Quoties
470 1346 583 1404 antem
595 1359 656 1422 per
673 1339 794 1406 notasd
807 1343 934 1422 scribit,
947 1343 966 1406 d
981 1365 1041 1428 pro
1055 1367 1087 1424 a,
1100 1367 1115 1408 c
1128 1365 1190 1430 pro
1205 1346 1234 1426 b,
1250 1367 1289 1414 ac

198 1551 360 1600 Virmn-1
378 1551 464 1600 Voces
473 1553 500 1600 id
510 1558 543 1601 est
552 1586 559 1602 .
568 1587 574 1600 .
584 1555 668 1603 .acrr'b.
684 1555 796 1616 glossam
814 1561 907 1619 putant
924 1557 1013 1605 Burro.
1025 1555 1096 1606 Oud.
1113 1556 1159 1606 sed
1171 1557 1291 1608 defendit

199 1616 259 1664 Ero.
269 1616 311 1679 qni
324 1628 382 1664 mox
393 1630 451 1664 curn
462 1615 533 1666 Oud.
544 1618 647 1666 custcdd
659 1619 742 1668 edidit
753 1633 768 1667 s
780 1620 888 1668 Merum.
899 1621 1083 1669 accedentibus
1092 1620 1169 1669 vind.
1178 1627 1200 1669 l.
1211 1623 1290 1673 Fouc.

193 1679 267 1728 *Dein
283 1684 332 1742 pot.
342 1694 389 1742 seq.
404 1688 538 1741 receptum
556 1679 607 1728 lide
623 1681 720 1730 Medic.
733 1683 820 1744 trium,
832 1683 913 1732 Polit.
926 1683 1034 1747 utriusq.
1047 1683 1126 1733 Vind.
1136 1687 1209 1733 Voss.
1222 1686 1290 1735 Edd.

197 1743 273 1791 Rorn.
284 1743 367 1804 Vulgo
384 1757 430 1806 req.
445 1748 544 1806 pot—2
560 1744 604 1793 Sic
622 1745 769 1795 emendavit
788 1762 802 1796 s
821 1749 874 1796 suis
888 1746 970 1796 Ccdd.
987 1748 1112 1798 Cassnub.
1124 1755 1151 1798 et
1163 1749 1217 1810 jam
1229 1751 1290 1799 oltrn

198 1806 323 1855 dederant
337 1806 403 1856 Edd.
415 1807 490 1856 Rom.
504 1807 610 1858 Mediol.
621 1816 647 1858 et
661 1809 697 1859 its
713 1811 797 1858 Pulm.
810 1811 915 1860 Merum.
927 1811 1024 1859 Medic.
1035 1811 1111 1859 vind.
1122 1819 1206 1877 uterq.
1219 1814 1291 1864 Cort.

198 1871 293 1934 aliique
306 1871 387 1927 rnrrlti,
403 1871 443 1920 rel
459 1871 583 1934 bquirsur.
616 1873 722 1922 Habent
732 1890 760 1922 sc
770 1876 905 1937 loquendam
922 1875 1007 1922 Petis.
1019 1875 1134 1924 Harlern.
1148 1876 1215 1926 Edd.
1225 1878 1291 1928 Ven.

198 1943 231 1983 tr.
250 1934 331 1994 bned.
346 1935 419 1985 dunt.
434 1934 495 1982 Ald.
510 1935 600 1996 Stepb.
618 1945 645 1984 et
664 1939 759 2000 plures,
777 1939 855 1987 etism
870 1938 961 1987 Pitlsc.
972 1946 999 1986 et
1011 1938 1100 1987 Burni.
1133 1940 1197 1988 Turn
1208 1943 1292 1989 existi·

197 2004 262 2048 munt
281 1999 357 2047 lluls.
371 1999 467 2048 Medic.
480 2002 502 2046 l.
516 1997 562 2047 Ed.
573 1999 692 2048 Tora-8
711 2001 827 2064 Numqui
844 2003 922 2051 Fonc.
939 2008 966 2049 et
976 1999 1044 2049 infra
1055 2003 1080 2050 in
1092 2002 1150 2051 eod.
1163 2002 1228 2052 Cod.
1240 2018 1290 2053 non

197 2063 291 2127 legitur
308 2062 391 2111 ide-4
410 2063 483 2126 Couj.
501 2063 591 2113 Burm.
614 2065 773 2114 omniurn-5
791 2065 967 2114 Anbacdserlit
989 2063 1065 2116 Hulr.
1085 2075 1196 2130 uterque
1212 2067 1290 2117 Vind.

690 2205 799 2255 NOTAE

200 2303 290 2351 melius
308 2317 382 2366 quarn
397 2303 454 2364 ipss
469 2302 610 2364 scriptione
622 2301 726 2351 demon·
766 2293 829 2352 tonil
850 2310 879 2351 nt
897 2301 1028 2352 minimum
1047 2300 1223 2365 temporibns;
1244 2300 1292 2350 du·

198 2379 290 2426 strati:
309 2392 342 2426 en
361 2377 532 2440 fragmentum
553 2376 672 2439 epistolis
691 2376 724 2425 ad
766 2378 830 2427 bitat
841 2379 964 2442 siqnidem
976 2378 1015 2427 liic
1026 2387 1125 2433 auctor,
1140 2385 1225 2426 utrurn
1237 2375 1291 2426 Au·

199 2450 299 2510 Caium,
316 2465 373 2515 qnae
385 2458 458 2500 extat
474 2451 542 2514 apud
554 2450 666 2498 Gellium
678 2449 724 2499 lib.
765 2461 854 2516 gustos
869 2451 1036 2503 offendendus
1048 2465 1129 2501 necne
1147 2451 1227 2501 iuuerit
1242 2453 1290 2502 bac

198 2537 243 2574 xv.
258 2541 280 2574 c.
292 2529 317 2574 7.
766 2529 813 2577 riri
823 2527 965 2578 consularis
977 2527 1105 2578 scribendi
1121 2528 1236 2588 ratione3
1254 2536 1291 2576 at-

241 2601 249 2627 ‘
262 2600 313 2649 Aue
324 2601 356 2648 mi
368 2600 423 2655 cdi,
431 2613 494 2649 mors
504 2600 588 2648 mellus
599 2599 724 2660 ‚iucundis-
766 2617 814 2666 qna
823 2601 979 2651 ideorocem
987 2601 995 2630 ‘
1003 2603 1052 2664 ipsi
1061 2600 1068 2622 ’
1077 2602 1209 2651 mollinset
1219 2603 1292 2666 quasi

630 2674 725 2739 (umus,
765 2677 967 2741 medioqucdsm
981 2683 1041 2725 tono
1050 2677 1118 2725 inter
1128 2677 1171 2724 issi
1183 2690 1293 2739 pronun-

261 2765 329 2813 qurnr
349 2764 438 2814 semper
459 2750 550 2800 medius
558 2750 636 2814 fidius
652 2749 714 2798 desi·
765 2752 871 2802 tiatam:
890 2767 908 2800 x
925 2753 992 2801 enirn
1003 2752 1077 2800 litera
1089 2751 1186 2815 duplex
1202 2758 1242 2800 est
1259 2766 1292 2800 rs.

646 2825 725 2890 (dero,
765 2828 840 2880 erod
861 2836 946 2878 autern
967 2829 1126 2876 consularem
1145 2828 1222 2876 istum
1242 2826 1291 2875 Ca·

260 2901 377 2964 precipue
395 2901 477 2950 diebus
497 2901 583 2951 tutibus
602 2915 659 2964 quu-
764 2902 1291 2966 sanbonusincrepat,quodAugnrtitem·

631 2975 677 3040 (lis
765 2979 870 3042 poribus
881 2980 1000 3040 ignorata
1016 2977 1156 3026 etiamnum
1168 2983 1234 3035 erat,
1246 2983 1291 3024 aut

260 3053 497 3116 estbsdr'ersrrs‚’dfr.
766 3054 855 3117 paucis
874 3053 977 3117 cognita
994 3052 1069 3102 litera
1087 3068 1113 3108 c,
1129 3058 1158 3100 nt
1179 3055 1291 3098 testatur

197 3128 229 3177 Id
250 3137 335 3178 autern
354 3128 469 3178 faciebat
491 3126 683 3189 perspicuitatis
698 3141 725 3175 a·
764 3127 880 3176 Isidorus
892 3127 936 3176 lib.
949 3141 968 3176 r.
980 3141 1003 3174 c.
1013 3131 1054 3174 24.
1066 3132 1136 3174 certe
1148 3126 1290 3186 ignoratam

198 3205 393 3269 more,neqoasi
401 3203 724 3253 srulrasseinricerneer·
765 3202 892 3250 duntaxat
903 3200 998 3249 inferre
1009 3206 1095 3262 potest
1107 3201 1133 3247 iu
1144 3199 1292 3260 scribendo,

197 3281 230 3329 ba
243 3279 338 3336 forent,
349 3279 416 3344 quod
435 3285 520 3327 tamen
534 3278 635 3326 errandi
653 3284 723 3341 post·
765 3292 815 3326 non
826 3276 903 3325 etiam
915 3277 941 3323 in
953 3274 1115 3324 dicendosen
1125 3277 1290 3338 pronuntian-

198 3355 300 3404 nrodum
321 3369 407 3404 snsarn
427 3353 538 3415 praebuit
555 3351 662 3412 criticis,
681 3353 724 3416 qui
765 3353 808 3414 do,
820 3358 848 3401 ut
859 3358 933 3416 patet
945 3353 986 3400 rel
1003 3352 1059 3414 ipso
1077 3351 1200 3400 Varronis
1218 3354 1291 3401 terti-

198 3430 430 3480 circumductiones
437 3426 562 3490 ejusmodi
571 3425 725 3490 quandoque
765 3429 860 3490 monio,
869 3428 936 3492 quod
945 3427 1064 3477 adducit:
1077 3427 1224 3476 ‘literarum
1235 3441 1291 3490 par-

198 3521 247 3571 pro
267 3507 349 3556 literis
365 3518 501 3568 accepere,
516 3501 658 3564 praesertlm
678 3517 724 3565 pto
767 3507 813 3555 tim
824 3512 884 3555 sunt
895 3511 922 3554 et
932 3500 1060 3563 dicuutur,
1072 3511 1099 3553 nt
1112 3503 1185 3563 A,B,
1198 3505 1290 3568 partlm

198 3582 310 3631 literaL
325 3580 477 3644 majuscula,
494 3583 600 3641 propter
614 3578 725 3642 aliquam
765 3579 886 3629 dicuntur
906 3587 935 3628 et
953 3594 1003 3628 non
1026 3586 1095 3642 ruint,
1112 3587 1140 3628 nt
1160 3579 1185 3627 H
1203 3588 1230 3628 et
1246 3578 1291 3628 X!

199 3655 392 3705 similitudinem
402 3655 433 3704 1..
464 3653 516 3702 Hic
537 3659 725 3702 antemnotare
765 3659 862 3708 Saltem
878 3672 941 3720 ergo
957 3658 1088 3707 dicebatur
1106 3658 1224 3720 clitera,
1240 3659 1291 3707 boc

199 3737 240 3781 est
250 3729 345 3794 obiter,
355 3744 454 3779 versum
463 3729 539 3778 etiam
548 3728 573 3777 iu
583 3742 659 3791 prosa
668 3743 725 3778 ora·
765 3743 815 3796 est,
834 3732 1058 3797 pronuntiabatur,
1075 3733 1141 3796 quod
1158 3733 1250 3782 sufficit
1262 3743 1292 3782 ut

199 3808 270 3858 tione
290 3805 341 3854 dici
359 3807 426 3856 brruc
445 3805 581 3855 verborum
600 3804 726 3868 ordinem,
766 3823 797 3858 ea
811 3809 866 3856 sins
884 3806 946 3855 vitio
965 3807 1079 3868 potuerit
1097 3807 1133 3854 uti
1152 3808 1292 3856 consularis

199 3896 274 3948 quem
287 3894 354 3930 nunc
367 3882 443 3944 vulgo
455 3879 563 3929 dicimus
580 3877 709 3927 ‘lineam'
766 3883 826 3944 ille;
837 3883 897 3946 quin
909 3887 937 3930 et
949 3879 1066 3943 Angusto
1078 3881 1239 3944 poteratbac
1251 3896 1291 3931 ra·

230 3957 317 4006 ‘Nisi
338 3956 397 4006 milri
417 3956 511 4010 odram,
531 3953 585 4018 tm]
615 3954 727 4002 Videtur
766 3957 838 4008 tione
850 3955 997 4019 gratificari,
1006 3956 1082 4017 hujus
1093 3955 1239 4004 metbcdnnr
1252 3971 1292 4005 ss-

199 4034 259 4084 inde
280 4033 365 4096 colligi
391 4046 475 4096 posse,
506 4033 573 4080 bunc
597 4028 724 4078 scribendi
766 4037 841 4082 cutus
853 4031 879 4079 in
891 4029 1036 4092 scribendo,
1046 4029 1153 4093 perinde
1162 4045 1192 4080 ac
1204 4033 1292 4095 loque·

200 4109 300 4157 rnodnnr
323 4121 372 4156 non
396 4115 447 4154 tarn
469 4121 484 4154 a
508 4104 725 4168 pronuntiatione,
765 4116 846 4157 retur.

202 4199 275 4248 quam
288 4185 321 4232 ab
333 4183 515 4246 ortltogrspbis
532 4181 653 4245 abfuisse,
664 4181 727 4230 Sue·
799 4179 811 4215 ‘³
829 4183 877 4232 Per
887 4180 967 4244 notus]
994 4183 1036 4232 De
1048 4181 1086 4232 lrls
1098 4181 1123 4232 in
1135 4181 1206 4234 Julio
1217 4198 1240 4232 c.
1252 4187 1291 4232 56.

264 4265 351 4326 Detplr.
368 4269 393 4313 et
407 4263 466 4314 ναν.
480 4264 543 4312 Clur-
692 4261 788 4315 steros.
1171 4265 1186 4310 2
1204 4261 1228 4311 Α
