3094 4914
597 447 744 495 JUblUS.
1175 431 1221 498 99

114 591 294 655 haberent.
339 588 531 671 Omnesque
546 589 745 653 medicinam
762 587 880 654 Romae
895 589 1079 671 professos,
1101 597 1157 656 et⁹
1177 592 1218 658 li·

113 691 286 756 beralium
301 691 419 755 artium
433 691 601 768 doctores,
614 710 682 773 quo
696 691 850 755 libentius
862 699 896 756 ct
911 693 977 775 ipsi
989 692 1113 756 Urbem
1128 693 1220 757 inco·

114 793 241 868 ment,
256 800 293 854 et
308 793 408 856 ceteri
424 799 634 874 appeterent,
649 794 785 856 civitate
800 792 949 858 donavit.
994 794 1048 856 De
1063 794 1218 875 pecuniis

114 893 264 969 mutuis,
279 891 423 974 disjecta
435 901 462 930 ¹⁰
475 911 638 955 novarum
652 893 861 956 tabularum·
877 895 1122 975 expectatione,
1142 913 1219 976 qum

118 994 244 1058 crebro
258 993 469 1070 movebatur,
485 993 634 1058 decrevit
647 993 790 1070 tandem,
814 1001 851 1057 ut
865 993 1051 1057 debitores¹
1079 996 1220 1059 credito·

118 1095 217 1159 ribus
233 1093 466 1158 satisfacerent
480 1114 541 1176 per
556 1090 812 1157 aestimationem
827 1094 1092 1175 possessionum,
1104 1097 1220 1177 quanti

118 1213 276 1278 quasque
297 1201 378 1258 ente
400 1195 498 1259 civile
522 1191 668 1258 belluini
690 1201 956 1276 comparassent,
971 1192 1115 1258 deducto
1129 1215 1219 1258 sum·

119 1315 188 1360 mse
200 1301 214 1330 ²
230 1296 306 1358 aeris
322 1293 434 1369 alieni,
445 1296 474 1358 si
490 1295 570 1376 quid
587 1312 699 1357 usurae
713 1293 845 1356 nomine
855 1301 1063 1358 numeratum
1077 1300 1133 1359 aut
1147 1317 1221 1380 per-

121 1397 292 1478 scriptum
305 1403 315 1441 ³
328 1403 339 1430 ⁰
352 1394 489 1460 inisset:
505 1416 574 1478 qua
589 1396 778 1460 conditione
793 1403 913 1478 quarta
927 1391 1033 1477 parsd
1048 1393 1139 1458 fere4
1152 1415 1221 1463 cre-

155 1595 167 1620 ‘
185 1589 258 1643 Quod
268 1592 300 1639 ed
308 1591 419 1652 peruios
429 1595 522 1640 mutnus
531 1590 627 1652 attinet,
640 1591 735 1640 waste
751 1605 792 1652 spe
807 1589 952 1638 remissionis
961 1588 1091 1638 debitorem
1099 1603 1152 1650 (μω
1161 1601 1223 1650 eope

120 1653 285 1713 excitabatur,
301 1657 386 1704 dated
405 1657 496 1704 &usne
506 1660 534 1704 ot
544 1655 660 1703 &bitem
676 1655 790 1704 solverent
801 1654 880 1702 debite
897 1654 1059 1714 umbonum,
1069 1651 1140 1712 seete
1156 1651 1223 1700 sesti·

122 1715 230 1765 surtieee
238 1718 382 1778 prodierant
395 1717 468 1778 jaste
483 1719 586 1780 pretiose
596 1732 640 1780 pso
654 1719 748 1778 simle
758 1723 820 1766 enta
825 1717 924 1777 sacrent
935 1722 991 1766 este
1001 1717 1083 1766 ciuiles
1094 1716 1221 1770 tumbas,-

122 1781 271 1828 detsebaeado
281 1783 382 1831 deserte
393 1783 415 1830 si
425 1783 515 1844 utiqeid
526 1783 626 1829 solutam
631 1781 835 1842 fuisset,soenoris
844 1783 910 1838 ton,-
926 1796 972 1842 qeu
979 1781 1087 1844 pretim
1099 1793 1221 1843 properso-

122 1844 179 1892 dssa
189 1849 278 1906 qums
286 1859 344 1907 pars
349 1845 454 1908 prussiae
463 1845 560 1894 credita
571 1845 730 1894 emittebatur.

126 2085 195 2132 ven.
207 2086 233 2132 1.
245 2083 329 2145 bugd.
339 2083 414 2134 dunt.
426 2083 488 2148 Arg.
501 2085 663 2148 improbante
673 2083 751 2134 Wolf.
784 2085 869 2148 Supra
878 2085 997 2148 unusqu
1006 2085 1112 2134 Mearm.
1122 2099 1224 2134 mern·

125 2163 170 2210 pse
183 2147 266 2196 vind.
283 2151 373 2195 1.—1o
386 2148 430 2197 Sic
442 2156 592 2199 constanter
603 2163 701 2206 omues,
712 2148 825 2198 metebat
837 2156 922 2197 tamen
931 2149 1006 2197 Torr.
1023 2148 1168 2208 deiecta-l
1190 2149 1224 2198 Ut

125 2211 271 2260 &baumes
280 2217 327 2259 sot.
344 2212 437 2274 Copes.
469 2213 533 2261 Tum
541 2213 738 2276 compressissent
750 2212 817 2261 Edd.
828 2213 901 2261 Rom.
911 2225 969 2260 cum
979 2211 1225 2261 uuocod.'1'orr.-2

126 2275 356 2325 toresmundi.
390 2275 421 2324 Iu
439 2276 544 2340 reliquis
556 2277 632 2327 codd.
649 2291 680 2326 ec
697 2275 765 2326 Edd.
785 2275 876 2339 priscis
887 2276 1116 2324 eaeretnrdedecto
1127 2289 1225 2326 runnu

128 2339 190 2387 Ura.
200 2341 267 2402 conj.
278 2341 377 2388 decime
387 2341 416 2388 de
427 2354 525 2400 unna,
541 2348 568 2389 et
581 2341 618 2390 sic
631 2340 713 2390 edidit
723 2340 813 2403 Stspb.
827 2353 877 2388 uon
896 2337 1056 2402 improbante
1074 2339 1162 2386 Bnrnr.
1180 2339 1224 2402 qui

129 2410 217 2451 autern
229 2403 353 2451 delendas
364 2416 439 2453 voces
450 2419 494 2452 ser.
504 2405 536 2454 ut.
546 2419 603 2452 cum
616 2405 680 2453 libro
692 2405 765 2453 Torr.
776 2410 861 2466 putat.
886 2403 968 2452 Sorte.
981 2401 1074 2451 deinde
1085 2403 1173 2450 mutiet
1183 2403 1225 2452 de·

128 2467 198 2516 deete
208 2481 234 2526 e,
253 2467 294 2514 rei
305 2483 318 2515 e
328 2481 429 2527 senna,
441 2468 507 2530 qirod
520 2467 620 2530 profert
636 2469 730 2517 iterum
742 2467 862 2516 ond—e
881 2466 950 2522 Qeod
961 2467 1124 2529 praenpten
1140 2466 1225 2516 Paris.

129 2529 207 2580 Herl·
218 2530 286 2578 Veu·
297 2537 360 2585 tres,
372 2529 435 2593 Arg·
448 2531 530 2594 bugd.
541 2532 615 2582 dunt.
628 2546 686 2581 curn
698 2533 770 2582 cort.
787 2538 814 2580 et
825 2530 899 2580 cdd.
911 2543 942 2580 ec
953 2531 990 2580 ite
999 2531 1079 2580 eeutit
1090 2529 1180 2579 zaetas
1191 2530 1225 2578 de

624 2655 731 2707 NOTAE

131 2761 188 2804 erat
200 2761 230 2804 ut
242 2755 330 2818 plures
342 2769 357 2803 a
370 2755 437 2804 bebio
450 2761 617 2805 avocarentur
627 2753 659 2802 ad
700 2769 731 2803 ee
749 2769 806 2819 quai
827 2761 915 2804 narret
936 2753 978 2804 bic
997 2752 1137 2804 Suetonius
1155 2753 1226 2806 fectu

132 2830 291 2893 pecuariam,
302 2845 408 2893 priorum
426 2831 587 2880 matrimonio
604 2844 661 2894 pro·
700 2827 782 2878 dixit:
800 2829 878 2879 ‘Hoc
890 2836 917 2878 et
930 2830 962 2878 ad
974 2829 1090 2879 timorem
1102 2844 1225 2880 novarum

133 2907 246 2956 curanda
259 2913 316 2955 eret
327 2906 396 2955 urbis
411 2905 565 2970 freqrrentie.
701 2903 845 2954 tabularum
853 2903 992 2956 tollendum
1002 2905 1227 2969 minuendumque,

164 2981 313 3028 *Neronum
324 2981 467 3046 tubeturnrn]
485 2981 516 3031 Iu
533 2995 603 3031 ruore
616 2995 661 3044 po·
701 2981 744 3045 qui
762 2977 817 3029 iere
828 2979 896 3030 betta
913 2987 940 3031 et
955 2980 1126 3030 dissensiones
1137 2981 1226 3030 ciuiles

134 3054 209 3105 sitnm
229 3063 288 3104 eret
307 3065 336 3104 ut
357 3057 528 3120 uurmqnieqne
549 3056 598 3106 sibi
617 3056 661 3106 do·
700 3057 773 3122 sequi
795 3056 940 3118 cousuevit,
965 3064 993 3106 et
1021 3055 1052 3105 ad
1081 3055 1226 3106 debitorum

133 3129 268 3178 merticsso
288 3129 414 3178 rationem
432 3131 513 3178 totius
531 3131 591 3179 sites
609 3145 662 3180 errae
702 3131 822 3181 tuendam
832 3131 1049 3180 existimationem
1058 3143 1113 3180 esse
1124 3129 1228 3193 aptissi-

134 3204 261 3252 acriberet
280 3217 328 3266 per
346 3204 459 3268 singulos
481 3205 548 3266 dies,
566 3207 591 3254 iu
612 3219 663 3269 qrro
702 3204 961 3255 momenistinserit!
991 3207 1026 3254 Et
1043 3205 1077 3252 de
1094 3204 1227 3265 perturbe-

135 3286 274 3340 appareret
284 3278 344 3341 quid
357 3279 389 3326 de
411 3279 534 3328 reditibus
546 3280 606 3340 siris,
615 3277 663 3327 i'oe·
701 3281 815 3331 tionibus
832 3295 847 3328 a
863 3281 945 3328 Cretio
962 3291 1039 3339 super
1055 3277 1103 3326 buc
1114 3290 1142 3325 re
1155 3277 1228 3328 motis

134 3368 207 3414 nore,
220 3355 324 3402 lucrose
336 3355 502 3416 reposuisset,
512 3365 557 3402 ant
568 3370 663 3416 expers·
703 3356 780 3417 pardo
793 3351 859 3402 inira
871 3353 916 3400 iiio
928 3351 1018 3402 eodem
1036 3351 1080 3402 ttb.
1089 3366 1132 3402 tn.
1143 3353 1176 3401 dc
1189 3360 1227 3402 te·

135 3428 214 3478 «tieem
225 3445 232 3476 :
245 3426 277 3476 ad
295 3430 348 3477 bac
360 3429 495 3478 scribenda
511 3427 605 3477 tabuiis
616 3427 663 3489 iip-
704 3427 771 3477 bulis
784 3441 846 3476 vero
862 3427 945 3476 adbuc
963 3426 1030 3477 iussa
1044 3430 1101 3478 Tib.
1121 3443 1178 3493 cap.
1188 3435 1228 3480 15.

136 3503 189 3554 ueie
199 3518 262 3553 cera
273 3504 343 3553 iiiitia
354 3504 485 3564 utebatur,
495 3504 554 3553 iude
572 3503 579 3529 ‘
590 3503 663 3552 tebu-
704 3517 761 3567 quas
771 3503 849 3552 etiem
860 3503 946 3552 orunie
956 3503 988 3552 de
1000 3503 1133 3554 tabulariis
1145 3505 1229 3568 pubii-

136 3579 168 3626 te
176 3579 279 3640 accepti
289 3586 314 3628 et
326 3579 451 3640 expensi,’
461 3581 511 3628 bre.
527 3579 607 3628 Nove
618 3578 666 3640 igi·
705 3577 750 3638 cte,
759 3576 862 3625 noenius
870 3577 1084 3640 describentibus,
1094 3581 1184 3631 metius
1192 3582 1230 3628 in·

139 3663 178 3706 tur
189 3653 297 3707 tabula,
308 3653 341 3700 de
350 3653 501 3716 quibnrbic,
519 3661 578 3702 erint
591 3667 627 3701 eas
639 3655 663 3701 in
705 3653 812 3714 tetiigss.
837 3651 915 3714 Apud
927 3653 1070 3714 ipsoseuinr
1081 3653 1230 3703 sumebatur

139 3743 198 3792 quas
209 3728 323 3788 uomina,
334 3728 382 3776 boc
394 3734 445 3786 est,
455 3741 486 3775 ea
496 3742 553 3791 qne
564 3727 612 3775 sibi
620 3727 665 3776 de·
704 3741 805 3792 quoque
825 3727 934 3789 pecunia
952 3733 1050 3786 mutuo,
1067 3727 1231 3792 quemadmo-

138 3803 274 3865 bebeutnr,
292 3801 454 3854 referebant:
472 3818 528 3867 qnae
547 3804 567 3852 si
584 3803 665 3852 deleri
704 3803 764 3851 dnm
779 3800 859 3851 ferme
871 3802 939 3866 apud
950 3819 995 3852 eos
1006 3819 1069 3868 qenes
1081 3805 1157 3866 rotgo
1170 3805 1243 3857 ‘uo·,

139 3890 164 3930 et
175 3880 290 3944 expungi
304 3881 455 3944 jubeantur,
469 3887 497 3929 ut
507 3895 581 3928 novae
592 3878 665 3940 fiant,
706 3876 800 3926 tsrios'
811 3876 980 3939 appellemus.

139 3955 204 4006 idem
224 3961 264 4003 est
287 3968 318 4003 ec
341 3955 425 4003 cornia
449 3954 535 4003 debita
563 3968 666 4016 prorum
736 3951 828 4001 bAnte
844 3951 913 4000 ciuile
931 3951 1025 4014 bedan]
1044 3953 1144 4002 Vaeteti
1162 3954 1230 4004 enirn

140 4030 243 4093 aboleri,
255 4029 323 4094 quod
336 4043 480 4093 quanquam
498 4029 607 4078 ornatore
626 4043 666 4092 po·
706 4027 751 4077 ilio
762 4028 872 4076 dureuta
888 4027 953 4090 agri,
970 4034 1122 4090 proventum
1139 4029 1231 4078 redde·

140 4107 227 4169 putare
239 4112 318 4168 aaut,
328 4105 410 4154 uoluit
422 4113 506 4155 tamen
519 4107 608 4156 Cesar
622 4119 664 4166 po·
707 4103 770 4154 baut
780 4105 855 4166 louge
868 4103 991 4166 uiliorem,
999 4118 1030 4153 ec
1038 4103 1145 4165 proinde
1155 4104 1232 4169 louge

141 4184 200 4244 puto
211 4181 359 4232 condonare
370 4197 377 4230 ι
395 4179 487 4244 dequo
498 4181 607 4244 ipsemet
618 4187 668 4228 ter·
707 4179 811 4230 minoris
824 4180 943 4228 aestiruati
954 4178 1073 4230 finissent.

142 4259 176 4306 tio
187 4257 221 4307 de
233 4255 302 4307 bello
312 4257 382 4307 ciuili
390 4258 477 4306 stetim
490 4258 522 4305 ab
530 4257 614 4317 initio,
626 4255 667 4304 ubi
740 4261 750 4286 ‘
763 4255 968 4302 Numeratunrnut
978 4253 1144 4317 perscriptam]
1161 4253 1232 4302 ‘Nu-
