3160 4918
250 390 316 458 232
679 407 711 457 c.
734 376 916 456 sunrosu

252 571 342 618 euno
356 549 531 634 interjecto
555 547 681 632 gessit:
705 553 881 632 sequentes
907 569 1013 634 usque
1040 551 1085 616 nd
1110 552 1347 621 undecimum⁹

252 646 503 721 continuavit2¹
524 651 704 733 multisque
719 669 812 728 mox,
835 670 913 715 cnm
937 651 1153 731 deferrentur,
1169 657 1347 736 recusatis

251 753 487 820 duodecimum
496 771 630 835 magno,
640 751 737 815 idest
747 753 984 834 septemdecim
994 757 1347 834 annornmintervnilo,

252 863 288 922 et
314 873 427 920 rursus
451 852 755 918 tertiumdecimum
778 853 915 917 biennio
938 861 1020 936 post
1041 856 1128 920 nitro
1152 858 1289 939 petiit,¹⁰
1310 867 1348 924 ut

251 956 374 1024 Guium
387 961 421 1020 et
436 955 577 1020 Lucium
586 959 608 990 ¹¹²
623 953 725 1030 filios,
739 954 950 1036 amplissimo
964 955 1123 1037 praeditns
1136 958 1348 1038 magistratu,

252 1076 316 1124 sno
335 1074 501 1141 quemque
521 1053 674 1120 tirocinio
686 1063 701 1092 ¹²
723 1053 919 1119 deducerct¹
942 1055 978 1120 in
993 1055 1143 1120 Forum«
1187 1058 1348 1143 Quinque

251 1159 382 1224 medios
396 1156 593 1224 consulatus
614 1175 636 1222 o
657 1163 759 1221 sexto
781 1157 827 1220 nd
848 1156 1060 1223 undecimum
1076 1179 1206 1225 annuos
1222 1162 1348 1243 gessit:

250 1269 380 1326 cotem
393 1267 455 1325 ent
467 1277 601 1336 novem,
617 1263 677 1322 eut
693 1263 782 1333 sex,²
793 1263 807 1292 ⁰
820 1263 879 1321 unt
893 1264 1048 1340 quatuor,
1062 1267 1123 1325 eut
1137 1261 1244 1325 tribus
1257 1280 1349 1326 men·

251 1361 369 1444 sibus3
391 1359 572 1426 secundum
594 1378 688 1436 vero,
711 1359 930 1442 paucissimis
952 1360 1054 1426 horis.
1098 1361 1133 1426 N
1135 1381 1188 1427 am
1203 1363 1258 1428 die
1274 1361 1348 1427 Ke-

250 1463 450 1529 lendurnmp
472 1460 651 1536 raduariis
674 1478 751 1524 cum
766 1478 862 1524 mene
877 1478 937 1542 pro
954 1461 1028 1526 oede
1049 1461 1234 1545 Capitolini
1247 1461 1348 1528 Jovis

250 1564 426 1649 paululum
442 1561 551 1626 curuli
566 1560 671 1625 selluq
692 1560 921 1644 praesedisset,
943 1561 1070 1627 honore
1094 1564 1189 1642 obiit,
1206 1563 1349 1630 suffecto

249 1665 319 1731 ilio
343 1665 378 1728 in
398 1665 531 1728 locumr
551 1679 660 1726 suum.
706 1661 782 1727 Neo
806 1681 921 1728 omnes
943 1663 1088 1744 Romen,⁸
1112 1665 1171 1730 sed
1193 1673 1348 1749 quartum

281 1870 296 1906 r
316 1861 352 1914 Ut
360 1860 490 1923 insignitur
499 1874 588 1910 sunm
598 1857 686 1910 honore
695 1860 820 1912 deduceret
835 1860 862 1910 is
873 1863 956 1923 surm
964 1863 1034 1930 fliius
1043 1878 1097 1916 suos
1110 1863 1195 1914 wem
1205 1869 1229 1914 et
1240 1861 1346 1926 uum,

251 1931 377 1991 struesque
387 1927 425 1976 die
435 1925 542 1976 tirocinii
551 1924 597 1974 uri.
694 1937 696 1941 ’

706 2034 893 2060 mm

250 2158 286 2203 tr.
297 2151 365 2202 Bon.
374 2149 447 2201 Med.
458 2148 533 2200 Ceid.
545 2148 620 2201 Jnnt.
630 2147 690 2200 ΑΜ.
700 2149 843 2214 &epit-9
854 2151 943 2202 Decem
954 2151 1032 2203 vind.
1045 2155 1069 2202 1.
1078 2152 1188 2204 eudesius
1195 2150 1263 2202 Edd.
1272 2151 1348 2200 Rom.

249 2215 317 2267 Veu.
328 2219 353 2266 1.
364 2215 474 2266 Medici.
487 2214 560 2264 edd.
587 2214 706 2289 Reliqua
719 2215 778 2266 duee
788 2216 857 2266 Vsu.
872 2231 931 2266 cum
947 2217 1014 2268 Bou.
1034 2231 1125 2268 mers.
1156 2215 1269 2266 Interius
1280 2215 1349 2266 liber

250 2281 325 2332 'l'orr-
334 2280 433 2331 omittit
443 2280 469 2328 id
480 2283 591 2330 est-1⁰
600 2279 670 2329 Petet
678 2278 777 2329 Medic.
786 2284 811 2330 ⁸.
821 2286 851 2330 et
860 2280 966 2330 Brutum
974 2283 1038 2344 cop.
1050 2289 1077 2332 et
1088 2295 1169 2344 merg.
1180 2281 1230 2330 Ed.
1239 2279 1349 2330 Medioi.

249 2349 298 2396 —l
316 2345 440 2396 Decimus
455 2343 520 2407 Cep.
540 2343 640 2393 Medic.
653 2349 677 2392 1.
688 2348 712 2392 t.
745 2343 850 2394 Annum
861 2345 1002 2405 detrahunt
1013 2345 1082 2396 Pell.
1096 2345 1232 2409 supposito
1242 2345 1274 2394 nd
1284 2343 1349 2394 deei-

249 2423 322 2459 uuos.
355 2409 423 2458 Item
434 2421 507 2458 murs
518 2407 613 2458 Medic.
624 2411 649 2456 Β.
660 2408 737 2458 Voss.
748 2408 798 2460 Ed.
810 2407 949 2472 Campe-2
968 2409 1011 2458 ite
1027 2411 1142 2460 restitnit
1162 2410 1196 2459 R.
1211 2407 1302 2471 steph.
1320 2411 1349 2455 et

250 2472 406 2523 reontisunt
422 2471 511 2522 θην.
529 2471 611 2522 Gron.
627 2473 717 2522 Burm.
729 2479 757 2522 et
775 2487 849 2536 seqq.
866 2473 1085 2524 consentientibus
1102 2481 1154 2523 tum
1172 2473 1259 2522 Ursini
1270 2471 1347 2520 Torr.

251 2534 400 2586 01⁸⁸th
411 2535 488 2585 Grut.
502 2535 567 2584 Mss.
578 2542 632 2586 tum
646 2535 783 2600 Mediceis,
794 2535 874 2586 Viud.
886 2541 911 2587 2.
922 2537 1039 2602 etiisque.
1057 2537 1089 2587 ln
1098 2536 1247 2586 Eddvett.
1258 2535 1350 2599 pteris·

268 2615 301 2650 ue
311 2605 398 2650 eeteros
408 2603 487 2648 nutes
496 2613 539 2648 sex
547 2604 590 2648 urst
600 2614 655 2648 neo.
665 2605 707 2648 cut
714 2615 767 2650 sex.
783 2601 867 2650 Puris.
878 2610 906 2650 et
916 2601 982 2651 Bon.
993 2607 1039 2651 ret.
1050 2607 1127 2650 eutem
1137 2605 1179 2650 eet
1189 2613 1241 2648 eos.
1248 2603 1291 2647 urst
1297 2613 1350 2648 sex.

280 2666 370 2714 erlem.
380 2669 426 2713 cet.
436 2667 515 2712 estem
524 2675 568 2711 ser
575 2668 617 2712 unt
628 2669 678 2711 octo
687 2669 729 2712 unt
739 2669 838 2714 rem-³
850 2666 1023 2715 denserierers
1033 2664 1131 2715 Medic.
1139 2669 1163 2713 2.
1171 2665 1247 2713 Voss.
1257 2663 1349 2712 desen·

249 2729 312 2778 riuus
322 2727 402 2779 vind.
412 2731 437 2780 1.
452 2727 518 2776 Tum
527 2727 622 2789 prum
630 2728 720 2778 curuli
731 2727 809 2778 vind.
819 2733 843 2779 Β.
853 2731 945 2779 curruti
955 2729 1034 2780 etiem
1047 2729 1097 2780 ud.
1109 2727 1346 2792 medietateque,

748 2873 856 2924 Nom

250 2969 429 3033 magistratum
441 2971 780 3036 gereret‚quoejsmomnis
819 2976 939 3022 constare
958 2983 1007 3020 non
1026 2981 1110 3033 poree,
1129 2973 1205 3034 petet
1215 2967 1258 3019 rei
1273 2966 1348 3018 mini·

251 3045 457 3097 obsoleseebant.
819 3061 888 3096 snum
907 3045 1070 3097 attendenti:
1094 3044 1241 3096 mauduni
1258 3045 1348 3095 lectio·

283 3121 290 3156 ¹
301 3119 468 3184 destinarit]
479 3121 620 3172 continuos
630 3121 711 3186 gessit
722 3122 779 3173 ebs·
818 3135 878 3171 nem
890 3127 997 3172 tuentur
1007 3119 1188 3184 Viterbiensis,
1198 3119 1305 3185 Pithoei,
1321 3125 1350 3170 et

250 3211 301 3264 qne
311 3198 511 3249 intermissione.
820 3196 1031 3248 Uslaeicodiees.

281 3281 300 3307 ¹²
318 3275 406 3325 crtum
423 3280 446 3324 st
463 3273 576 3338 mm]
601 3273 644 3323 De
662 3273 703 3322 his
719 3287 778 3338 eep.
850 3272 930 3321 ”Die
941 3269 1117 3334 Kalendarum]
1134 3270 1349 3323 meoiudicio.

250 3350 368 3414 proxime
380 3350 549 3412 precedenti,
567 3355 596 3398 et
604 3347 672 3398 infre
682 3363 762 3414 serpe.
821 3351 862 3399 ln.
873 3354 901 3397 et
912 3351 951 3398 lo.
962 3353 991 3398 et
999 3351 1040 3398 td.

281 3431 294 3459 ὓ
311 3424 441 3486 Tirociuio]
458 3425 518 3474 Non
529 3423 644 3485 militari,
654 3429 684 3473 nt
695 3429 780 3487 petet,
852 3431 865 3467 t
883 3424 967 3473 Cureti
983 3423 1053 3486 scitu]
1069 3422 1135 3473 Herc
1150 3427 1207 3472 eret
1225 3421 1348 3484 eburneo,

248 3499 410 3550 redforeosi.
427 3495 780 3561 Seneeproetetionemue·
820 3499 879 3549 ideo
900 3499 1004 3548 curulis
1029 3497 1109 3555 diets,
1134 3496 1203 3562 qnod
1228 3497 1347 3548 curribus

250 3576 353 3626 clemst.
364 3574 411 3624 lib.
421 3585 465 3623 111.
484 3572 533 3622 ‘et
543 3572 603 3622 ideo
613 3572 657 3621 itte
668 3573 780 3635 primurn
819 3573 899 3624 etiem
919 3573 971 3622 iliis
995 3573 1181 3637 imponeretur,
1207 3573 1298 3636 quibus
1321 3573 1349 3622 iu

249 3651 276 3702 in
288 3648 344 3700 toro
355 3647 480 3710 dicturus,
488 3645 538 3696 tiro
546 3645 632 3696 dietus
641 3645 696 3696 est?
713 3647 780 3696 Cum
820 3650 925 3700 Curium
947 3647 1109 3699 vehebantur
1128 3649 1278 3712 senatorer,
1303 3647 1348 3711 qui

249 3739 345 3791 nempe
366 3732 427 3789 togs
447 3717 513 3788 pu'rn
532 3729 626 3778 sumtu,
647 3721 779 3786 berbsque
819 3724 941 3789 rnejorem
966 3725 1149 3787 megistrstnm
1176 3722 1267 3788 (quem
1288 3721 1348 3773 ideo

248 3805 345 3868 posite,
371 3799 545 3864 eloquentium
567 3796 779 3861 suspicsbentur,
818 3801 897 3850 etiem
908 3800 1031 3850 curulem
1050 3797 1189 3862 dixerunt)
1205 3804 1350 3864 gesserent,

250 3879 284 3929 de
295 3878 389 3946 quibus
400 3873 554 3926 cerimoniis
565 3873 649 3924 edituo
663 3871 740 3924 infre.
818 3878 852 3928 de
864 3891 915 3941 qun
925 3874 1009 3925 sdhne
1021 3873 1089 3924 infre
1100 3887 1123 3924 c.
1134 3877 1177 3924 48.

282 3955 408 4005 ⁰crtercs
426 3957 469 4002 sut
486 3965 577 4012 scum,
594 3956 636 4000 out
654 3964 706 4006 see,
724 3951 779 4016 tre]
850 3950 983 4016 *deffectu
994 3947 1178 4012 erusteus]
1202 3946 1347 3998 Contreie·

249 4029 293 4080 Sic
304 4027 491 4079 emendandum
502 4027 604 4078 censuit
614 4025 725 4076 Cessub.
735 4025 779 4076 de·
819 4040 873 4092 ges,
883 4034 913 4075 ut
923 4027 949 4075 in
960 4025 1031 4078 Jutio
1042 4039 1066 4074 e.
1074 4027 1116 4074 to.

249 4105 310 4158 totu
330 4105 429 4155 dusbns
447 4104 545 4154 voculis
560 4108 640 4153 enters
654 4117 707 4166 ser,
720 4117 778 4166 quse
850 4104 923 4153 'Ner
932 4115 1011 4152 osser
1021 4099 1116 4163 Rrsroe]
1132 4098 1164 4148 id
1176 4107 1348 4162 qnoquscon·

249 4181 277 4230 in
286 4178 398 4241 vulgatis
409 4182 486 4228 erent
495 4177 730 4239 hoemodo,erteror
736 4193 778 4226 ns·
819 4185 859 4229 trs
867 4178 951 4242 leges:
962 4191 1011 4227 nee
1020 4175 1088 4226 enim
1098 4174 1158 4224 stibi
1171 4185 1247 4237 quem
1257 4172 1345 4221 Rome

250 4261 298 4307 tem
307 4269 360 4318 ue,
370 4259 514 4312 rutmors,
529 4259 571 4304 set
587 4267 639 4318 ren,
652 4257 693 4318 tre.
708 4254 778 4317 quod
819 4253 947 4319 designati
958 4252 1076 4304 somnies
1087 4249 1266 4313 magistratum
1281 4247 1347 4298 inire
