3208 4918
664 429 862 482 nonturno.
1241 421 1303 486 361

213 576 303 643 Nom
318 574 480 658 deinceps
500 572 659 658 oeqnein
674 572 812 648 Senatu,
828 590 938 655 neque
953 574 1044 656 apud
1061 575 1234 658 populum,
1248 599 1306 642 ne-

213 697 276 761 que
290 677 380 760 apud
396 676 532 745 milites,
559 676 692 740 locutus
717 685 769 736 ost
794 693 953 756 unquam,
973 677 1062 740 nisi⁷
1088 677 1250 742 meditata
1271 689 1309 744 et

214 779 404 862 composito
429 779 590 851 oratione,
606 780 760 858 quumvis
784 795 849 840 non
876 777 1118 843 detineretursv
1132 778 1174 841 nd
1191 781 1306 846 subita

212 878 434 961 extemporali
449 878 640 942 facultates
684 876 737 940 Ao
763 895 805 940 ne
832 878 1017 958 perieulum
1040 883 1209 945 momoriae
1234 878 1307 944 adi-

212 987 271 1056 ret,
288 987 346 1044 out
361 979 420 1042 in⁹
435 979 616 1043 ediscendo
632 985 766 1060 ternpus
785 980 988 1058 absumeret,
1009 982 1151 1045 instituit
1168 984 1307 1048 recitare

212 1081 337 1146 omnia.
383 1081 557 1144 Sermones
573 1098 708 1162 quoque
724 1099 798 1144 oum
816 1080 970 1163 singulis,
996 1091 1098 1166 atque
1111 1085 1214 1146 ¹etium
1229 1103 1306 1147 cum

213 1183 312 1246 Livia
323 1201 385 1246 sun
400 1184 574 1262 graviores,
597 1183 730 1246 nonnisi
747 1183 931 1265 scriptos,¹⁰
946 1175 980 1246 'et
995 1203 1014 1246 e
1029 1184 1143 1247 libello
1155 1192 1164 1222 ¹
1178 1193 1190 1220 ³¹
1205 1183 1308 1248 babe-

212 1285 283 1359 bat,
297 1303 339 1345 ne
356 1283 433 1364 plus
446 1284 596 1346 minusve
618 1284 814 1365 loqueretur
840 1301 884 1346 ex
906 1291 1068 1366 tempore.
1111 1283 1307 1349 Pronuntia-

214 1386 283 1464 bot,
298 1385 387 1448 dulci
403 1389 435 1446 et
448 1385 586 1466 proprio
601 1384 747 1466 quodam
772 1385 840 1448 oris
865 1403 961 1461 sono,
984 1384 1153 1466 dabatque
1168 1383 1307 1448 assidue

213 1485 408 1570 phonascot
422 1504 577 1566 oporam:
600 1485 661 1549 sed
686 1505 936 1568 nonnunquam,
953 1486 1124 1549 infirmetis
1138 1485 1307 1562 saucibus,

212 1586 376 1669 praeconis
389 1594 499 1650 voce*
514 1586 556 1650 nd
569 1586 731 1669 populum
753 1588 974 1651 concionatus
989 1595 1053 1650 est.
1097 1587 1175 1669 [un]
1192 1587 1304 1651 Multa

673 1781 850 1803 noeentum

212 1911 354 1962 Jamrleine.
365 1913 465 1960 notarit
475 1925 543 1960 man.
562 1909 631 1960 dont.
646 1911 671 1960 ia
688 1923 734 1960 ora
749 1909 798 1960 Eri.
817 1912 955 1962 Fiant-'l
974 1913 1058 1964 Deest
1074 1915 1122 1964 nini
1135 1915 1192 1979 Coj.
1206 1915 1309 1966 etitem

214 1977 263 2026 Ed.
280 1977 433 2030 Breruianae,
451 1976 596 2038 rypotltetae
614 1978 759 2024 errore-8
775 1974 819 2023 lto
832 1978 938 2027 Merum.
957 1979 1015 2027 Pru.
1031 1980 1098 2028 Duo.
1117 1980 1176 2042 Cuj.
1194 1980 1269 2028 Voar.
1280 1989 1309 2029 et

215 2041 273 2090 cod.
286 2042 347 2090 Ura.
358 2055 416 2090 cunr
428 2041 476 2088 Ed.
485 2040 575 2102 Steplr.
587 2037 786 2102 arrffragoutibua
796 2040 868 2088 l'orr.
879 2041 966 2090 Groev.
978 2041 1072 2090 Sobeff.
1083 2043 1152 2091 Oud.
1165 2041 1241 2092 Wolf.
1255 2043 1308 2092 lla-

215 2104 258 2153 bot
272 2102 370 2152 Viterb.
381 2119 427 2152 raon
437 2104 543 2168 deficeret
552 2118 568 2151 o
576 2104 654 2150 nubilo
665 2109 688 2152 et
697 2103 805 2162 atsur.
816 2105 858 2153 oui
870 2103 1059 2154 reverentino.
1081 2107 1168 2156 Ceteri
1179 2109 1268 2169 scripti
1281 2115 1309 2156 et

216 2169 276 2217 editi
288 2169 404 2234 deiceret,
417 2170 484 2230 qnod
498 2166 614 2215 defendit
626 2167 703 2216 Grut.
712 2168 949 2231 reatitueodrrnrque
958 2170 1152 2230 putaritBurnr.
1161 2172 1203 2232 qui
1215 2180 1312 2234 tamen,

214 2233 236 2280 ri
248 2233 312 2281 lllra.
322 2233 484 2291 addicerent,
503 2232 552 2293 logi
574 2230 667 2280 vellet:
690 2245 736 2279 non
752 2231 860 2295 deficeret
875 2236 905 2280 ott
923 2232 1001 2281 nubilo
1017 2235 1182 2297 extemporalia
1193 2233 1310 2294 sarnitan.
1396 2271 1400 2279 r

216 2296 338 2347 unat-m
359 2295 426 2346 Edd.
441 2309 472 2344 ex
488 2300 558 2359 temp.
578 2295 677 2344 duobus
695 2294 827 2344 vorin-9
844 2297 923 2345 Liber
941 2311 1005 2345 unua
1016 2298 1090 2348 Torr.
1103 2299 1189 2348 ouriait
1205 2301 1232 2346 in
1248 2305 1309 2347 ante

215 2361 284 2409 edire.
300 2362 363 2409 'l'orn
371 2365 499 2410 ammonet
511 2360 581 2409 Cort.
592 2358 658 2408 Edd.
672 2359 746 2408 Rorn.
764 2359 832 2407 Dein
841 2367 909 2422 otone
920 2361 1052 2410 exciderat
1064 2376 1199 2426 opernruor
1209 2363 1309 2424 cnlpae

216 2424 304 2475 Grrer·
316 2425 447 2474 Edd.-1u
465 2423 541 2472 Hono
552 2424 665 2486 conjeot.
678 2423 829 2485 Burmanni,
838 2439 914 2488 quarn
923 2425 1031 2474 totidem
1044 2427 1125 2475 literis
1136 2427 1239 2474 exhibet
1249 2427 1310 2489 Lyn.

215 2503 260 2537 aen
273 2491 344 2539 Cort.
357 2489 455 2551 recepit
467 2489 543 2536 etiarn
556 2487 637 2537 Wolf.
649 2486 718 2534 Onrl.
731 2503 761 2535 au
779 2487 898 2537 Ernestio
911 2490 1055 2551 probatam.
1081 2491 1165 2552 Volgo
1176 2491 1202 2538 in
1214 2490 1311 2554 scriptia

215 2553 258 2602 vel
267 2553 418 2615 rirnplioiter
428 2553 524 2614 arripitis
534 2553 589 2600 alne
600 2553 634 2612 in,
647 2551 683 2600 nti
697 2551 815 2615 praebent
827 2554 904 2602 codd.
919 2555 1081 2619 plurimi—l
1101 2555 1122 2603 Ε
1133 2553 1189 2602 bello
1199 2555 1275 2602 Viud.
1286 2559 1312 2603 2.

216 2617 280 2666 Mox
289 2617 412 2680 phoenisro
423 2618 498 2667 Voar.
514 2616 640 2680 amuco
654 2615 705 2666 Ed.
724 2617 813 2680 Gamo.
828 2617 945 2680 pinnato
958 2619 1022 2668 Ven-
1035 2627 1066 2668 tr.
1075 2619 1185 2682 pboairca
1205 2619 1312 2668 Mediol.

708 2796 814 2846 NOTAE

216 2920 284 2984 apriti
307 2921 432 2971 Senecam
455 2933 564 2986 patrem,
588 2923 742 2987 praefatione
814 2925 977 2989 lPltononea]
995 2927 1052 2976 lloe
1064 2932 1103 2976 ert
1114 2925 1255 2974 formando
1269 2939 1311 2974 ro·

217 3005 375 3048 controvers.
390 3007 417 3048 et
429 2999 495 3047 infra
510 3000 555 3049 lib.
572 2999 605 3050 de
625 3001 742 3050 Rhetori-
783 2999 821 3049 ria
844 3003 976 3062 magistro,
995 3001 1085 3064 quales
1106 2999 1173 3061 apori
1192 3000 1311 3062 antiquar

217 3075 275 3124 boa.
310 3075 385 3126 (irrod
407 3077 470 3124 mire
492 3077 633 3125 inaeotatnr
651 3077 743 3126 Petro·
784 3073 857 3122 foere
869 3075 1085 3138 frequentissimi:
1104 3073 1169 3133 ouri
1181 3074 1248 3120 enim
1261 3074 1312 3120 Lo·

217 3151 284 3214 nine,
296 3153 381 3200 atatim
399 3151 432 3200 ab
448 3151 521 3201 lnltio
535 3155 622 3202 eornni
635 3167 692 3217 qore
704 3165 744 3200 ru·
787 3149 840 3197 tine
852 3163 901 3198 vox
913 3157 953 3198 ert
965 3149 1033 3196 uode
1044 3161 1085 3196 ara
1096 3148 1152 3211 ipsa
1167 3149 1313 3197 Phonescla

219 3235 327 3292 pereant
339 3227 509 3292 deSatyrioo.
785 3225 855 3273 ‹lleta
871 3231 919 3272 eat.
953 3224 1014 3272 Fuit
1031 3231 1058 3271 et
1078 3223 1206 3284 palnatrre
1225 3235 1312 3284 genus,

249 3309 260 3336 v
283 3303 430 3367 Dejioeretrrr
452 3302 587 3368 [rlejieeret]
616 3301 745 3352 Caranbo-
785 3299 856 3360 aojna
879 3303 1053 3362 preceptores
1081 3295 1220 3360 palortricl
1242 3297 1312 3346 dice·

217 3393 264 3428 nna
276 3393 309 3427 ex
320 3379 476 3428 viterbieoal
488 3378 577 3428 eotliea
589 3376 694 3440 prret'ert
705 3379 746 3425 tle·
786 3374 896 3434 bantor;
921 3374 945 3422 bi
965 3380 1050 3420 matur
1070 3379 1207 3436 geniosque
1220 3371 1311 3421 forma·

211 3459 318 3522 fiendo
329 3457 415 3512 arbitr,
424 3459 465 3519 iso.
478 3457 527 3510 rel,
539 3461 568 3506 ot
577 3455 677 3514 inatile,
688 3453 745 3517 defl-
786 3451 859 3512 bant,
877 3463 909 3497 ne
922 3464 946 3498 ν.
960 3462 983 3511 g.
996 3447 1097 3496 rurtiore
1109 3459 1198 3495 manus
1218 3455 1314 3507 errant,

217 3537 317 3582 erretur.
350 3532 381 3580 lo
395 3531 551 3580 Memoriano
562 3531 650 3580 todire
661 3529 744 3593 dener·
786 3525 916 3589 aequato
928 3523 1063 3574 movendis
1077 3521 1187 3584 pedibus
1200 3523 1313 3586 iorcitio,

216 3613 283 3656 retro
293 3609 324 3656 orl
334 3607 413 3656 utun
424 3605 707 3668 extemporalisnrnltote.
786 3615 818 3648 ne
835 3601 937 3649 dernnrn
949 3604 1031 3649 atatnr
1049 3599 1100 3648 olla
1114 3613 1146 3648 ex
1159 3606 1233 3661 parte
1244 3597 1315 3649 foret

251 3687 266 3714 a
286 3682 448 3744 Extemporali
469 3681 599 3743 socabntn]
632 3681 690 3731 Qua
712 3693 745 3727 ex
785 3677 993 3738 indecoranrzc.
1011 3689 1087 3740 qoam
1105 3683 1186 3724 arteni
1203 3675 1314 3738 quinon

219 3763 345 3820 tempore,
359 3757 746 3816 eitrameditationirlnborenr,
786 3751 941 3805 didicerant,
963 3750 979 3798 li
999 3750 1032 3799 ab
1054 3749 1164 3814 antiquis
1184 3749 1314 3810 npalaertrl

218 3835 362 3882 orationem
374 3833 561 3895 pronuntiaret.
593 3833 675 3881 Quem
684 3831 745 3893 jure
785 3826 948 3875 dicebantur·
963 3827 1004 3873 De
1014 3825 1105 3888 quibua
1116 3826 1190 3888 plora
1203 3823 1314 3872 Bndaerrr

217 3907 391 3959 Quintilianus
403 3908 547 3956 atodtoronr
559 3905 674 3954 t‘ruotnrn
687 3916 744 3952 erae
786 3903 812 3950 io
834 3899 1041 3951 annotationibus
1060 3899 1091 3948 ad
1115 3898 1261 3948 Pandeotae
1281 3911 1316 3947 ex

218 3986 355 4033 niaximum
366 3985 507 4033 existimat.
787 3976 922 4037 cicerone,
932 3974 1103 4037 Quintiliano,
1111 3977 1159 4023 tro.
1178 3973 1236 4022 lloe
1246 3975 1315 4022 enirn

249 4065 263 4093 ¹
281 4059 384 4121 Libello]
402 4060 557 4116 Senruaert,
568 4055 661 4104 eumin
673 4053 746 4103 libel·
787 4067 819 4100 oe
837 4053 985 4114 ignonrent
1001 4050 1104 4113 ingenui
1126 4056 1152 4098 et
1175 4048 1316 4098 liberaliter

218 4137 245 4185 lo'
262 4135 429 4197 descripsisse
447 4147 505 4197 quar
525 4146 582 4181 euro
602 4131 657 4192 lpaa
673 4129 746 4177 Liria
788 4126 973 4190 erinentlpnerl
985 4125 1273 4176 maximeeurarerunt.

219 4214 394 4261 collocuturus
406 4217 473 4274 erat,
482 4211 504 4260 ri
516 4208 640 4274 gravioria
652 4221 682 4256 ea
695 4220 749 4256 oro·
820 4202 961 4254 ¹Praeeontr
971 4198 1038 4261 anre]
1047 4199 1235 4265 imperatorum
1247 4206 1316 4264 port·

220 4286 408 4337 nentisorent.
790 4293 822 4328 ea
849 4275 900 4327 fuit
922 4277 966 4328 illa
987 4275 1155 4332 consuetudo,
1175 4284 1204 4326 ut
1227 4287 1316 4326 eornnr
1343 4341 1349 4354 ¹
