3208 4918
619 452 628 466 Ι
644 417 840 468 ocrtvrur.
1227 407 1291 472 387

199 565 279 628 dum
304 564 482 640 acciverat,
497 559 674 627 affirmavit
687 563 797 645 ipsum
817 581 904 641 esee,
919 565 1017 649 cujus
1040 565 1149 647 imago
1171 584 1291 630 secun-

198 667 278 730 dum
297 667 439 748 quietem
462 665 526 728 sibi
549 665 723 728 obversata
747 667 803 729 ait.
848 665 997 731 Sumenti
1023 667 1153 730 virilem
1178 674 1290 748 togam

198 768 313 834 tunica
325 766 386 830 lati
400 765 657 841 clavi,⁹reeuta⁸
670 782 713 828 ex
727 772 865 848 utraque
875 773 982 847 parte,
993 765 1035 829 ad
1045 767 1147 849 pedes
1159 766 1290 832 decidit.

197 869 353 945 Fuerunt,
369 870 428 950 qui
440 867 744 949 interpretarentur,
759 885 825 930 non
841 866 934 931 alind
946 867 1174 949 significare,'⁰
1189 887 1291 952 quam

196 978 236 1036 ut
249 971 279 1034 is
294 969 387 1045 ordo,
398 968 496 1050 cujus
510 964 663 1049 insigne¹¹
680 966 714 1031 id
731 974 834 1042 esset,
849 968 1047 1053 quandoque
1063 971 1094 1032 ei
1110 969 1290 1052 subjicere-

196 1078 258 1140 tur.
302 1069 406 1154 Apud
432 1065 615 1134 Mundam-¹
643 1068 689 1133 D.
719 1068 831 1135 Julius
860 1071 976 1134 castris
1001 1071 1113 1134 locum
1141 1072 1290 1152 capiens,

197 1191 274 1236 cum
285 1173 413 1254 sylvam
425 1167 437 1206 '¹
453 1169 606 1248 cuderet,
614 1171 766 1235 arborem
775 1171 897 1254 palmae
910 1179 1073 1255 repertam
1083 1174 1290 1248 conservari,

198 1281 237 1336 ut
263 1293 357 1338 omen
382 1272 544 1349 victoriae,
564 1271 687 1354 jussit:
711 1291 756 1336 ex
779 1291 819 1336 ea
843 1272 1001 1337 contiuuo
1023 1277 1137 1338 enata¹
1155 1273 1290 1337 soboles

197 1373 283 1440 adeo
296 1375 331 1438 in
343 1374 464 1456 paucis
480 1374 600 1438 diebus
617 1373 778 1450 adolevit,
795 1381 832 1438 ut
850 1394 914 1438 non
929 1377 1172 1459 aequipararet²
1187 1375 1289 1440 modo

197 1473 390 1552 matricem,¹
414 1494 528 1541 verum
550 1482 586 1539 et
610 1477 797 1556 obtegeret,
817 1475 1143 1560 frequentareturque
1166 1476 1292 1541 colum·

196 1576 310 1638 barum
321 1581 341 1609 ¹¹¹
356 1575 465 1654 nidia3
487 1576 639 1657 quamvis
655 1575 691 1638 id
710 1575 823 1638 avium
839 1595 943 1657 genua
958 1576 1075 1643 duram
1091 1585 1126 1640 et
1139 1595 1291 1660 asperam

197 1675 341 1740 trondem
364 1677 511 1742 maxime
525 1677 615 1741 vitet.
661 1676 728 1741 Illo
750 1683 807 1741 et³
831 1677 1001 1760 praecipue
1022 1683 1151 1741 ostento
1165 1687 1291 1741 motum

198 1775 364 1842 Caesarem
378 1779 498 1855 ferunt,
513 1797 553 1843 ne
569 1796 669 1862 quern
684 1777 785 1843 alium
801 1778 865 1842 sibi
881 1777 1068 1856 succedere,
1083 1798 1183 1862 quarn
1198 1799 1291 1844 soro·

197 1879 250 1959 ris¹
268 1886 434 1964 nepotem,
449 1879 558 1945 vellet.
604 1879 643 1944 In
675 1885 839 1944 secessu⁴
863 1878 1080 1963 Apolloniae¹²
1104 1879 1291 1962 Theogenis

663 2057 705 2078 000
708 2057 720 2078 0
723 2057 841 2080 00000000

197 2189 317 2237 etoerratu
335 2185 432 2236 Medic.
445 2189 468 2236 i.
479 2191 503 2236 a.
523 2184 604 2235 vind.
615 2191 735 2251 uterque,
755 2187 831 2237 Huir.
848 2179 955 2249 cuja-o
972 2187 1060 2238 Grau.
1076 2187 1143 2250 conj.
1162 2186 1290 2237 tutkhciu.

197 2253 259 2301 Mox
271 2257 299 2301 ut
310 2250 385 2300 decet
395 2251 478 2300 Paria.
492 2249 607 2298 Heriem.
624 2250 691 2300 Edd.
707 2251 780 2300 Med.
793 2252 859 2300 Veu.
871 2251 944 2301 Caid.
957 2251 1082 2299 Bra-1⁰
1099 2251 1161 2300 Era.
1177 2252 1292 2301 scriben-

196 2316 256 2364 dum
268 2315 342 2364 duxit
353 2315 493 2379 rigriiiemi,
506 2321 535 2362 ut
547 2315 675 2377 expremit
686 2314 778 2376 Steph.
799 2315 941 2380 probetque
959 2314 1029 2364 Oud.
1048 2315 1111 2362 'l'um
1122 2313 1291 2374 euenere

196 2380 245 2429 Ed.
260 2379 326 2428 Ven.
337 2383 360 2428 1.
372 2387 399 2427 et
410 2378 504 2442 cupient
516 2377 680 2428 Heriem-l
699 2379 767 2428 Nutu
783 2379 899 2432 Heriem.
917 2379 1003 2428 Perir.
1015 2377 1092 2426 Viud.
1103 2381 1128 2426 2.
1142 2379 1212 2429 cort.
1224 2379 1290 2426 Edd.

196 2445 285 2505 Cemp.
296 2441 403 2492 Medici.
415 2443 482 2492 Van.
494 2443 559 2491 Bon.
570 2442 654 2506 Lugd.
665 2443 781 2506 aliaque.
816 2443 913 2493 aanor
928 2457 943 2492 e
958 2443 1064 2491 Merum.
1076 2440 1158 2492 edidit
1170 2442 1291 2491 Gracc.-

196 2507 351 2570 iAEqrriper.
369 2507 557 2570 pereliiemm.
575 2506 688 2556 Medicei
708 2520 768 2556 cum
786 2507 854 2556 Edd.
870 2508 944 2556 item.
977 2507 1044 2554 Dein
1063 2520 1143 2556 rerum
1157 2511 1180 2554 et
1197 2507 1291 2555 excudi

191 2571 270 2634 justit
286 2571 355 2622 Oud.
374 2585 421 2634 pro
441 2572 508 2634 vulg.
526 2585 607 2619 mrum
625 2569 707 2630 etiam,
725 2567 873 2621 ferentibur
891 2567 969 2620 Wolf.
988 2572 1098 2633 Brumg.
1114 2568 1291 2634 ruffragautiir.

196 2633 324 2684 Mediceir
335 2641 445 2699 utroque
455 2634 533 2682 Viud.
545 2634 627 2683 Petit.
638 2635 712 2684 verr.
722 2635 794 2684 Curt-
806 2635 877 2684 Duu.
892 2635 955 2684 Edd·
967 2633 1044 2682 Rom.
1065 2635 1208 2698 Utrumque
1217 2635 1292 2683 deest

197 2697 325 2747 Fene-tt
339 2699 373 2746 Et
385 2699 472 2747 exulat
484 2712 500 2747 a
511 2699 585 2747 Rom.
597 2697 663 2748 Bon.
671 2698 791 2776 precipuo
801 2698 880 2748 Vind.
889 2703 963 2749 a--t
979 2697 1091 2747 Quem
1105 2699 1210 2746 Merum.
1223 2698 1291 2747 Har·

197 2761 257 2812 lem.
268 2776 381 2812 aarum
398 2761 495 2812 Medic.
515 2766 538 2812 1.
551 2766 576 2811 8.
587 2762 653 2825 Cep.
665 2761 690 2811 in
708 2763 800 2826 qmbur
808 2763 956 2828 petentum
967 2777 1024 2812 curn
1036 2761 1111 2812 Huir.
1135 2762 1218 2812 Panto
1230 2770 1291 2812 unte

689 2937 796 2988 NOTAE

229 3031 362 3094 tRerutu]
384 3031 536 3082 Francircur
558 3032 670 3083 Guietur
686 3031 724 3081 in·
764 3033 886 3099 Augusto
903 3034 1065 3098 cupiendum,
1084 3034 1125 3084 rel
1149 3034 1290 3095 Augustum

198 3112 357 3169 terpretetur
367 3106 489 3158 diuersae.
516 3107 724 3158 Srimmimrefi·
764 3109 883 3158 avuncuii
902 3109 951 3168 rni,
973 3109 1048 3170 cuiue
1069 3108 1134 3157 ditur
1153 3107 1291 3169 adeptione

197 3181 312 3233 buturum
324 3182 456 3244 inteiligit,
472 3183 546 3232 nodie
556 3182 658 3233 scilicet
669 3183 725 3246 qui·
765 3185 870 3236 suturae
881 3190 946 3240 eret.
964 3183 1072 3247 glorium
1092 3188 1290 3245 reparatarum

197 3257 245 3306 bne
279 3257 469 3320 astringebatur
501 3257 599 3307 rolutir·
646 3257 723 3309 Quod
763 3259 831 3323 quod
845 3259 998 3322 palmaipra
1009 3255 1291 3320 matricemujurrobo·

197 3331 287 3396 quidni
305 3333 443 3383 Suetonium
460 3331 582 3382 dirimet?
604 3333 668 3382 Sura
687 3332 723 3381 di·
764 3335 802 3384 tce
814 3331 998 3396 pertendebat.

197 3407 724 3471 cantumerui,quemrdmndurnetcirum
794 3405 803 3442 ¹
820 3407 960 3471 Matricem]
976 3405 1102 3467 Palmam,
1119 3419 1151 3453 er
1171 3419 1220 3468 qua
1233 3418 1291 3468 pru·

197 3483 305 3533 recludi.
338 3484 381 3532 De
397 3483 445 3531 trec
465 3482 592 3545 particula
608 3496 725 3547 rerapra
765 3481 842 3532 ducta
859 3491 926 3544 erat,
944 3481 1017 3547 quari
1040 3489 1161 3537 matrem,
1178 3489 1208 3530 ut
1225 3481 1291 3530 dixit

198 3558 230 3607 ad
243 3573 266 3608 c.
276 3563 317 3608 te.
765 3558 889 3622 Virgittur
908 3558 956 3608 tib.
967 3571 998 3607 rr.
1011 3557 1135 3620 (taorgio.
1155 3571 1230 3605 verra
1250 3559 1290 3605 lu

229 3631 241 3664 Ι·
258 3634 333 3694 (ἰήιε
342 3632 447 3696 heinr]
464 3634 530 3683 Vide
546 3649 625 3699 cupra
635 3636 661 3684 iu
672 3635 725 3687 Jui.
765 3632 922 3682 ‘Pernaerir
934 3632 1021 3681 taurus
1031 3630 1117 3680 Parra
1134 3631 1182 3680 rub
1194 3628 1293 3693 ingenti

197 3721 220 3757 r.
230 3712 272 3757 te.
289 3715 317 3758 et
331 3708 357 3757 iu
367 3709 436 3772 Aug.
445 3712 489 3758 tis:
498 3713 546 3760 tec.
766 3709 856 3758 matria
867 3723 894 3757 re
906 3707 1009 3771 rrrbjicit
1018 3705 1125 3756 umbra!

191 3823 193 3828 .
230 3785 722 3851 *Mardan1Dequrrupraraepein
794 3789 813 3819 ὓ
832 3780 1010 3843 cumbarum]
1038 3780 1097 3830 Huc
1119 3779 1221 3830 nomine
1247 3791 1291 3840 pa·

196 3861 397 3912 teneamur.
763 3859 863 3908 tumber
873 3856 1009 3918 intelliget
1021 3855 1181 3919 nequeenim
1191 3854 1292 3902 domur·

190 3973 194 3980 .
229 3933 360 4000 isaim]
378 3935 471 3987 Refert
482 3943 510 3985 et
520 3937 573 3986 Dio
585 3935 628 3986 lib.
642 3947 722 3985 xurr.
764 3932 823 3981 tica
835 3933 885 3981 itin
899 3929 1025 3981 columbae
1037 3930 1064 3980 in
1075 3929 1210 3979 annuum
1231 3940 1292 3978 cou-

199 4012 243 4063 red
254 4025 286 4061 eo
303 4012 358 4075 ipro
370 4027 421 4076 quc
438 4020 580 4076 pugnaturn
601 4017 641 4061 ert
660 4012 724 4069 iope,
767 4007 853 4057 ridere
864 4005 961 4056 rideat.

198 4096 301 4139 enatum
314 4090 405 4153 primae
416 4103 538 4154 germen:
551 4093 661 4151 utroque
673 4100 725 4135 mo·
798 4091 810 4118 ¹¹
827 4084 857 4133 In
867 4097 958 4134 rerem
975 4081 1118 4148 Apotionioe]
1139 4081 1222 4144 Supra
1235 4093 1294 4145 erp.

198 4165 232 4212 do
243 4173 296 4215 etat
313 4165 406 4215 omiuir
425 4165 587 4228 conjectura,
606 4175 726 4226 maguum
766 4165 789 4211 8.
802 4170 829 4212 et
840 4164 881 4211 itt.

191 4239 300 4292 -rciiicet
311 4239 426 4292 fructum
437 4253 470 4289 ex
482 4238 546 4290 tutti
555 4237 685 4289 tutioribus
698 4237 730 4286 ub
