3120 4926
310 455 359 506 nn
383 454 571 508 surrouro
595 427 847 520 nutuqurnna
872 459 1118 512 rnsrruourr.
1223 441 1264 510 17

283 699 414 767 Plinius
429 702 538 768 Bebic
554 701 721 800 llispauc,
737 701 964 785 Epistolarnru
981 707 1041 772 lib.
1058 723 1082 770 ι.
1096 708 1151 772 24.

204 881 422 966 Tranquillus
458 885 706 954 contubernalis
736 907 835 952 ruens
862 889 938 954 vnlt
967 909 1077 955 emere
1106 891 1263 974 agellum,

161 1003 266 1068 quern
289 985 457 1050 venditare
478 986 607 1052 amicus
630 991 706 1052 tuns
724 986 860 1053 dicitnr.
905 990 1005 1074 Ilugo
1021 1011 1129 1069 cures,
1145 994 1265 1076 quanti

161 1103 301 1168 aequum
315 1092 381 1163 est,
397 1093 497 1152 emat.
541 1087 598 1153 Ita
612 1088 699 1154 enirn
712 1088 898 1156 delectabit
918 1093 1058 1158 emisse:
1080 1112 1159 1159 nanr
1173 1097 1264 1162 mula

160 1187 268 1250 emtic
297 1205 429 1269 semper
455 1188 583 1271 ingrata
611 1195 675 1267 cst,
696 1208 737 1254 eo
763 1190 912 1254 maxime
935 1191 1024 1274 quod
1058 1195 1263 1276 exprobrare

161 1283 342 1354 stultitiam
357 1286 492 1352 domino
508 1286 650 1354 uidetur.
697 1288 738 1353 ln
752 1289 818 1356 boc
832 1295 945 1356 antem
962 1293 1072 1375 agello
1094 1293 1143 1378 (si
1165 1295 1265 1361 modo

161 1386 310 1450 arriserit
322 1383 485 1470 pretium)
504 1384 690 1472 Tranquilli
712 1389 778 1454 mei
802 1391 1011 1458 stomachum
1027 1393 1130 1460 rnulta
1153 1395 1266 1462 solici-

160 1493 248 1565 tant,
263 1487 420 1552 vicinitas
442 1487 545 1564 urbis,
566 1489 802 1574 opportunitas
824 1491 904 1570 via,
922 1493 1144 1559 ¹rnediocritas
1159 1496 1263 1576 villae,

160 1587 285 1652 modus
300 1588 397 1665 ruris,
410 1587 468 1670 qui
490 1596 612 1653 avocet
633 1587 739 1670 magis
760 1610 860 1673 quarn
875 1589 1060 1678 distringat.
1105 1595 1264 1662 Scholas-

160 1689 242 1753 ticis
266 1707 363 1770 porro
383 1689 588 1766 bominibus,
609 1693 648 1753 ut
670 1688 725 1754 hic
748 1690 959 1767 cst,'sufficit
980 1693 1110 1760 abunda
1136 1701 1265 1764 tanturn

160 1791 237 1868 soli,
252 1796 288 1855 ut
301 1791 448 1854 relevare
463 1793 577 1873 caput,
593 1789 727 1854 reficere
743 1791 870 1870 oculos,
885 1801 1018 1877 reptare
1040 1816 1099 1880 per
1112 1791 1278 1870 limitem.

162 1905 298 1978 unaque
323 1891 442 1956 semita
467 1897 573 1958 terras
602 1909 783 1976 omnesque
807 1893 966 1960 viticulas
991 1914 1069 1960 suas
1093 1917 1204 1977 nosse,
1228 1908 1265 1965 et

160 2012 336 2059 numerare
351 1993 548 2058 arbusculas
562 1993 704 2078 possint.
749 1993 838 2060 Haec
857 1995 920 2059 tibi
940 1997 1096 2078 exposui,
1110 2019 1179 2081 qno
1194 2020 1263 2065 ma·
1278 2073 1280 2077 ,

160 2097 215 2178 gis
231 2097 346 2172 scires,
361 2101 521 2179 quantum
542 2095 600 2160 ille
623 2103 716 2159 essct
733 2095 827 2172 mibi,
843 2101 1002 2179 quantum
1016 2117 1078 2179 ego
1093 2100 1154 2164 tibi
1169 2099 1264 2164 debi-

160 2205 268 2275 turus,
283 2196 313 2260 si
328 2195 528 2279 praediolum
543 2195 645 2275 istud,
667 2193 759 2277 quod
774 2194 1024 2259 commendatur
1039 2197 1096 2288 bis
1118 2197 1264 2280 dotibus,

159 2279 230 2364 cair
251 2297 430 2362 salubriter
444 2297 571 2376 emerit,
584 2304 623 2362 ut
642 2295 849 2380 poeniteutiae
870 2294 981 2359 locum
1003 2314 1068 2361 non
1090 2298 1264 2384 relinquat.

159 2398 262 2464 Vale.

311 2589 425 2654 AElius
440 2589 636 2673 Spartianus
649 2589 684 2654 iu
699 2587 864 2653 Hadriani
879 2585 960 2666 vita,
976 2607 1052 2670 cap.
1067 2585 1118 2651 ll.
1171 2659 1172 2662 Ἴ

205 2733 355 2817 Septitio
372 2731 472 2798 Claro
486 2733 646 2817 praelecto
663 2733 824 2816 praetorii,
838 2739 870 2798 ct
884 2734 1046 2797 Suetonio
1064 2732 1263 2816 Tranquillo

161 2833 383 2921 epistolarum
400 2834 571 2916 magistro,
586 2834 767 2917 multisque
783 2833 870 2910 aliie,
886 2833 975 2917 quod
990 2831 1082 2916 apud
1104 2833 1265 2903 Sabinam
1352 2887 1355 2892 ⁴

162 2955 315 3018 uxorem,
329 2935 460 3018 injussu
476 2937 561 3019 ejus,
575 2935 772 2998 familiarius
789 2954 825 2998 se
842 2941 924 3000 tnnc
937 2941 1082 3017 egerant,
1098 2953 1198 3016 quarn
1212 2955 1264 3000 re-

160 3038 311 3103 verentia
326 3036 445 3101 domus
460 3035 580 3101 aulicae
596 3035 801 3119 postulabat,
816 3053 1031 3100 successores
1046 3033 1148 3099 dedit.

294 3251 334 3318 G.
345 3252 478 3318 Plinius
491 3250 689 3333 Tranquillo
704 3267 768 3314 sno
785 3249 820 3315 S.
836 3249 946 3334 Epist.
961 3250 1020 3314 lib.
1038 3265 1093 3312 ιιι.
1104 3249 1135 3312 S.

206 3417 312 3484 Facis
332 3437 395 3502 pro
416 3421 529 3482 catera
549 3414 749 3490 reverentia,
770 3432 869 3496 qnam
895 3413 978 3478 mibi
992 3421 1147 3498 prussiae,
1172 3413 1264 3498 quod

161 3527 231 3587 tarn
256 3519 389 3584 solicite
411 3519 510 3602 petis,
526 3522 564 3582 ut
578 3517 794 3592 tribunatum,
810 3535 908 3598 qnam
924 3535 946 3580 a
962 3515 1101 3580 Neratio
1118 3513 1265 3580 Marcel-

161 3623 210 3700 lc,
230 3621 422 3686 clarissimo
447 3621 531 3698 viro,
553 3616 730 3701 impetravi
753 3617 827 3694 tibi,
850 3618 885 3680 iu
909 3615 1120 3682 Caesennium
1147 3614 1266 3704 Sylva·

161 3742 243 3788 num
259 3721 484 3804 propinquum
499 3727 591 3784 tnuru
604 3717 811 3782 transierum.
853 3715 944 3780 'Mihi
965 3723 1085 3791 autem,
1106 3715 1195 3780 sicut
1208 3715 1265 3798 ju-

163 3821 417 3897 cundissimum,
441 3821 553 3902 ipsum
577 3824 611 3883 te
634 3817 812 3894 tribunum,
836 3817 881 3880 itu
903 3837 969 3881 non
991 3817 1099 3880 miuus
1124 3820 1265 3898 gratnm,

163 3923 268 3990 aliurn
282 3941 341 4004 per
355 3928 391 3984 te
406 3917 531 3986 videre.
576 3919 699 4001 Neque
716 3919 804 3982 anim
819 3935 892 3980 esse
906 3933 1091 3998 congruens
1114 3917 1265 3997 arbitror,

162 4019 264 4109 quern
286 4019 612 4105 augere'honorious
634 4021 766 4104 cupias,
784 4019 863 4083 huic
885 4018 1022 4102 pietatis
1042 4017 1158 4083 titulos
1179 4019 1266 4084 inri-

163 4125 255 4202 cero,
266 4123 324 4206 qui
338 4129 417 4188 suut
427 4123 580 4188 omnibns
593 4121 775 4188 honoribus
789 4117 1004 4201 pulchriores.
1028 4115 1140 4184 Video
1152 4119 1266 4197 etiam,

165 4243 243 4291 cunr
266 4224 312 4289 sit
333 4225 499 4308 egregium
521 4230 556 4290 et
576 4223 692 4288 mereri
711 4219 877 4287 beneficia
891 4225 924 4286 et
938 4221 1028 4302 darc,
1042 4225 1215 4304 utramque
1231 4227 1266 4284 to

230 4339 504 4405 nectareum.
695 4336 792 4388 &aaa
1178 4335 1202 4383 a
1282 4317 1287 4326 ”
