<?xml version="1.0" encoding="UTF-8"?>
<!DOCTYPE html PUBLIC "-//W3C//DTD XHTML 1.0 Transitional//EN"
    "http://www.w3.org/TR/xhtml1/DTD/xhtml1-transitional.dtd">
<html xmlns="http://www.w3.org/1999/xhtml" xml:lang="en" lang="en">
 <head>
  <title>
</title>
<meta http-equiv="Content-Type" content="text/html;charset=utf-8" />
  <meta name='ocr-system' content='tesseract 3.04.00' />
  <meta name='ocr-capabilities' content='ocr_page ocr_carea ocr_par ocr_line ocrx_word'/>
</head>
<body>
  <div class='ocr_page' id='page_1' title='image "./operaomniaexedi02suetgoog_0354.png"; bbox 0 0 3208 4918; ppageno 0'>
   <div class='ocr_carea' id='block_1_1' title="bbox 645 427 1294 494">
    <p class='ocr_par' dir='ltr' id='par_1_1' title="bbox 645 427 1294 494">
     <span class='ocr_line' id='line_1_1' title="bbox 645 427 1294 494; baseline 0.012 -8"><span class='ocrx_word' id='word_1_1' title='bbox 645 436 844 488; x_wconf 77' lang='lat' dir='ltr'><strong>ocrtvtus.</strong></span> <span class='ocrx_word' id='word_1_2' title='bbox 1229 427 1294 494; x_wconf 81' lang='grc'><strong>343</strong></span> 
     </span>
    </p>
   </div>
   <div class='ocr_carea' id='block_1_2' title="bbox 198 577 1327 1368">
    <p class='ocr_par' dir='ltr' id='par_1_2' title="bbox 198 577 1327 1368">
     <span class='ocr_line' id='line_1_2' title="bbox 202 577 1327 664; baseline 0.01 -20"><span class='ocrx_word' id='word_1_3' title='bbox 202 577 360 644; x_wconf 85' lang='lat' dir='ltr'><strong>convivio</strong></span> <span class='ocrx_word' id='word_1_4' title='bbox 373 577 557 655; x_wconf 79' lang='lat' dir='ltr'><strong>venditare,</strong></span> <span class='ocrx_word' id='word_1_5' title='bbox 572 578 767 663; x_wconf 86' lang='lat' dir='ltr'><strong>incertoque</strong></span> <span class='ocrx_word' id='word_1_6' title='bbox 788 599 870 644; x_wconf 82' lang='lat' dir='ltr'><strong>cusu</strong></span> <span class='ocrx_word' id='word_1_7' title='bbox 892 601 989 664; x_wconf 89' lang='lat' dir='ltr'><strong>spem</strong></span> <span class='ocrx_word' id='word_1_8' title='bbox 1009 586 1222 652; x_wconf 81' lang='lat' dir='ltr'><strong>mercantium</strong></span> <span class='ocrx_word' id='word_1_9' title='bbox 1238 591 1294 654; x_wconf 85' lang='lat' dir='ltr'><strong>rel</strong></span> <span class='ocrx_word' id='word_1_10' title='bbox 1323 630 1327 636; x_wconf 78' lang='lat'><em>,</em></span> 
     </span>
     <span class='ocr_line' id='line_1_3' title="bbox 200 680 1292 764; baseline 0.009 -20"><span class='ocrx_word' id='word_1_11' title='bbox 200 681 364 758; x_wconf 81' lang='lat' dir='ltr'><strong>frustrari,</strong></span> <span class='ocrx_word' id='word_1_12' title='bbox 379 680 433 744; x_wconf 84' lang='lat' dir='ltr'><strong>vel</strong></span> <span class='ocrx_word' id='word_1_13' title='bbox 448 681 603 763; x_wconf 82' lang='lat' dir='ltr'><strong>explere3</strong></span> <span class='ocrx_word' id='word_1_14' title='bbox 625 682 674 745; x_wconf 84' lang='lat' dir='ltr'><strong>itu</strong></span> <span class='ocrx_word' id='word_1_15' title='bbox 690 693 727 746; x_wconf 89' lang='lat' dir='ltr'><strong>ut</strong></span> <span class='ocrx_word' id='word_1_16' title='bbox 740 702 798 764; x_wconf 87' lang='lat' dir='ltr'><strong>per</strong></span> <span class='ocrx_word' id='word_1_17' title='bbox 813 683 964 764; x_wconf 83' lang='lat' dir='ltr'><strong>singulos</strong></span> <span class='ocrx_word' id='word_1_18' title='bbox 982 685 1091 750; x_wconf 90' lang='lat' dir='ltr'><strong>lectos</strong></span> <span class='ocrx_word' id='word_1_19' title='bbox 1102 695 1114 734; x_wconf 85' lang='lat'>⁵</span> <span class='ocrx_word' id='word_1_20' title='bbox 1126 695 1139 722; x_wconf 89' lang='lat'><strong>⁰</strong></span> <span class='ocrx_word' id='word_1_21' title='bbox 1152 689 1292 754; x_wconf 83' lang='lat' dir='ltr'><strong>licitatio</strong></span> 
     </span>
     <span class='ocr_line' id='line_1_4' title="bbox 201 781 1293 870; baseline 0.008 -24"><span class='ocrx_word' id='word_1_22' title='bbox 201 782 303 858; x_wconf 87' lang='lat' dir='ltr'><strong>fieret,</strong></span> <span class='ocrx_word' id='word_1_23' title='bbox 316 789 349 846; x_wconf 90' lang='lat' dir='ltr'><strong>et</strong></span> <span class='ocrx_word' id='word_1_24' title='bbox 364 800 425 844; x_wconf 92' lang='lat' dir='ltr'><strong>seu</strong></span> <span class='ocrx_word' id='word_1_25' title='bbox 435 781 582 864; x_wconf 67' lang='lat' dir='ltr'><strong>jnctura.</strong></span> <span class='ocrx_word' id='word_1_26' title='bbox 598 802 659 846; x_wconf 88' lang='lat' dir='ltr'><strong>sen</strong></span> <span class='ocrx_word' id='word_1_27' title='bbox 673 783 800 848; x_wconf 88' lang='lat' dir='ltr'><strong>lucrum</strong></span> <span class='ocrx_word' id='word_1_28' title='bbox 815 785 1120 852; x_wconf 80' lang='lat' dir='ltr'><strong>communicaretur.</strong></span> <span class='ocrx_word' id='word_1_29' title='bbox 1142 789 1224 870; x_wconf 74' lang='lat' dir='ltr'><strong>[tc]</strong></span> <span class='ocrx_word' id='word_1_30' title='bbox 1236 790 1293 855; x_wconf 86' lang='lat' dir='ltr'><strong>Ci·</strong></span> 
     </span>
     <span class='ocr_line' id='line_1_5' title="bbox 200 879 1292 973; baseline 0.011 -29"><span class='ocrx_word' id='word_1_31' title='bbox 200 883 236 946; x_wconf 88' lang='lat' dir='ltr'><strong>bi</strong></span> <span class='ocrx_word' id='word_1_32' title='bbox 251 886 392 960; x_wconf 85' lang='lat' dir='ltr'><strong>(numne</strong></span> <span class='ocrx_word' id='word_1_33' title='bbox 406 879 504 946; x_wconf 83' lang='lat' dir='ltr'><strong>haec⁶</strong></span> <span class='ocrx_word' id='word_1_34' title='bbox 519 882 655 963; x_wconf 87' lang='lat' dir='ltr'><strong>quidem</strong></span> <span class='ocrx_word' id='word_1_35' title='bbox 666 881 851 966; x_wconf 86' lang='lat' dir='ltr'><strong>omiserim)</strong></span> <span class='ocrx_word' id='word_1_36' title='bbox 864 885 992 949; x_wconf 87' lang='lat' dir='ltr'><strong>minimi</strong></span> <span class='ocrx_word' id='word_1_37' title='bbox 1007 896 1092 965; x_wconf 83' lang='lat' dir='ltr'><strong>eret,</strong></span> <span class='ocrx_word' id='word_1_38' title='bbox 1109 895 1208 973; x_wconf 83' lang='lat' dir='ltr'><strong>etque</strong></span> <span class='ocrx_word' id='word_1_39' title='bbox 1219 893 1292 956; x_wconf 85' lang='lat' dir='ltr'><strong>vul-</strong></span> 
     </span>
     <span class='ocr_line' id='line_1_6' title="bbox 201 982 1293 1072; baseline 0.011 -26"><span class='ocrx_word' id='word_1_40' title='bbox 201 985 290 1064; x_wconf 82' lang='lat' dir='ltr'><strong>garis</strong></span> <span class='ocrx_word' id='word_1_41' title='bbox 312 983 390 1048; x_wconf 85' lang='lat' dir='ltr'><strong>iere.</strong></span> <span class='ocrx_word' id='word_1_42' title='bbox 439 982 679 1046; x_wconf 80' lang='lat' dir='ltr'><strong>Secundurium</strong></span> <span class='ocrx_word' id='word_1_43' title='bbox 702 993 849 1066; x_wconf 64' lang='lat' dir='ltr'><strong>panem?</strong></span> <span class='ocrx_word' id='word_1_44' title='bbox 875 993 910 1048; x_wconf 90' lang='lat' dir='ltr'><strong>et</strong></span> <span class='ocrx_word' id='word_1_45' title='bbox 930 987 1113 1068; x_wconf 82' lang='lat' dir='ltr'><strong>pisciculos</strong></span> <span class='ocrx_word' id='word_1_46' title='bbox 1135 993 1293 1072; x_wconf 86' lang='lat' dir='ltr'><strong>minutos,·</strong></span> 
     </span>
     <span class='ocr_line' id='line_1_7' title="bbox 200 1085 1291 1168; baseline 0.011 -22"><span class='ocrx_word' id='word_1_47' title='bbox 200 1091 235 1148; x_wconf 87' lang='lat' dir='ltr'><strong>et</strong></span> <span class='ocrx_word' id='word_1_48' title='bbox 249 1103 382 1148; x_wconf 80' lang='lat' dir='ltr'><strong>caseum</strong></span> <span class='ocrx_word' id='word_1_49' title='bbox 397 1085 582 1148; x_wconf 91' lang='lat' dir='ltr'><strong>bubulum⁷</strong></span> <span class='ocrx_word' id='word_1_50' title='bbox 598 1093 722 1146; x_wconf 70' lang='lat' dir='ltr'><strong>manui</strong></span> <span class='ocrx_word' id='word_1_51' title='bbox 742 1105 905 1168; x_wconf 86' lang='lat' dir='ltr'><strong>pressum,</strong></span> <span class='ocrx_word' id='word_1_52' title='bbox 920 1094 955 1150; x_wconf 89' lang='lat' dir='ltr'><strong>et</strong></span> <span class='ocrx_word' id='word_1_53' title='bbox 969 1087 1073 1151; x_wconf 73' lang='lat' dir='ltr'><strong>licus8</strong></span> <span class='ocrx_word' id='word_1_54' title='bbox 1098 1091 1219 1156; x_wconf 85' lang='lat' dir='ltr'><strong>virides</strong></span> <span class='ocrx_word' id='word_1_55' title='bbox 1242 1097 1291 1158; x_wconf 90' lang='lat' dir='ltr'><strong>bi·</strong></span> 
     </span>
     <span class='ocr_line' id='line_1_8' title="bbox 198 1184 1291 1269; baseline 0.011 -23"><span class='ocrx_word' id='word_1_56' title='bbox 198 1184 306 1248; x_wconf 80' lang='lat' dir='ltr'><strong>feras¹</strong></span> <span class='ocrx_word' id='word_1_57' title='bbox 334 1187 481 1248; x_wconf 80' lang='lat' dir='ltr'><strong>maxime</strong></span> <span class='ocrx_word' id='word_1_58' title='bbox 497 1186 700 1268; x_wconf 83' lang='lat' dir='ltr'><strong>appetebat:</strong></span> <span class='ocrx_word' id='word_1_59' title='bbox 723 1185 986 1269; x_wconf 84' lang='lat' dir='ltr'><strong>vescebaturque</strong></span> <span class='ocrx_word' id='word_1_60' title='bbox 1002 1192 1037 1250; x_wconf 90' lang='lat' dir='ltr'><strong>et</strong></span> <span class='ocrx_word' id='word_1_61' title='bbox 1057 1197 1134 1254; x_wconf 86' lang='lat' dir='ltr'><strong>unte</strong></span> <span class='ocrx_word' id='word_1_62' title='bbox 1159 1211 1291 1258; x_wconf 85' lang='lat' dir='ltr'><strong>coenam</strong></span> 
     </span>
     <span class='ocr_line' id='line_1_9' title="bbox 200 1284 1291 1368; baseline 0.008 -20"><span class='ocrx_word' id='word_1_63' title='bbox 200 1303 413 1368; x_wconf 88' lang='lat' dir='ltr'><strong>quocumque</strong></span> <span class='ocrx_word' id='word_1_64' title='bbox 434 1291 584 1367; x_wconf 88' lang='lat' dir='ltr'><strong>tempore</strong></span> <span class='ocrx_word' id='word_1_65' title='bbox 600 1291 633 1349; x_wconf 88' lang='lat' dir='ltr'><strong>et</strong></span> <span class='ocrx_word' id='word_1_66' title='bbox 646 1284 735 1361; x_wconf 90' lang='lat' dir='ltr'><strong>loco,</strong></span> <span class='ocrx_word' id='word_1_67' title='bbox 751 1293 843 1368; x_wconf 86' lang='lat' dir='ltr'><strong>quu⁹</strong></span> <span class='ocrx_word' id='word_1_68' title='bbox 857 1286 1049 1352; x_wconf 81' lang='lat' dir='ltr'><strong>stomachus</strong></span> <span class='ocrx_word' id='word_1_69' title='bbox 1063 1288 1291 1357; x_wconf 80' lang='lat' dir='ltr'><strong>desiderasset.</strong></span> 
     </span>
    </p>
   </div>
   <div class='ocr_carea' id='block_1_3' title="bbox 664 1447 847 1468">
    <p class='ocr_par' dir='ltr' id='par_1_3' title="bbox 664 1447 847 1468">
     <span class='ocr_line' id='line_1_10' title="bbox 664 1447 847 1468; baseline 0 0"><span class='ocrx_word' id='word_1_70' title='bbox 664 1447 847 1468; x_wconf 62' lang='grc' dir='ltr'><strong><em>ΜΜΝΙΜ</em></strong></span> 
     </span>
    </p>
   </div>
   <div class='ocr_carea' id='block_1_4' title="bbox 147 1561 1291 2461">
    <p class='ocr_par' dir='ltr' id='par_1_4' title="bbox 147 1561 1291 2461">
     <span class='ocr_line' id='line_1_11' title="bbox 199 1561 1290 1628; baseline 0.01 -20"><span class='ocrx_word' id='word_1_71' title='bbox 199 1575 247 1625; x_wconf 86' lang='lat' dir='ltr'><strong>pro</strong></span> <span class='ocrx_word' id='word_1_72' title='bbox 260 1575 284 1609; x_wconf 83' lang='lat' dir='ltr'><strong>r.</strong></span> <span class='ocrx_word' id='word_1_73' title='bbox 296 1561 314 1610; x_wconf 88' lang='lat' dir='ltr'><strong>l.</strong></span> <span class='ocrx_word' id='word_1_74' title='bbox 326 1563 396 1610; x_wconf 87' lang='lat' dir='ltr'><strong>Duu.</strong></span> <span class='ocrx_word' id='word_1_75' title='bbox 423 1561 488 1609; x_wconf 81' lang='lat' dir='ltr'><strong>Tum</strong></span> <span class='ocrx_word' id='word_1_76' title='bbox 504 1561 608 1610; x_wconf 77' lang='lat' dir='ltr'><strong>indicare</strong></span> <span class='ocrx_word' id='word_1_77' title='bbox 626 1563 749 1612; x_wconf 75' lang='lat' dir='ltr'><strong>Foue—tt</strong></span> <span class='ocrx_word' id='word_1_78' title='bbox 769 1561 798 1610; x_wconf 92' lang='lat' dir='ltr'><strong>lu</strong></span> <span class='ocrx_word' id='word_1_79' title='bbox 820 1565 888 1613; x_wconf 87' lang='lat' dir='ltr'><strong>libro</strong></span> <span class='ocrx_word' id='word_1_80' title='bbox 903 1565 978 1614; x_wconf 84' lang='lat' dir='ltr'><strong>Torr.</strong></span> <span class='ocrx_word' id='word_1_81' title='bbox 996 1568 1077 1628; x_wconf 73' lang='lat' dir='ltr'><strong>lutros,</strong></span> <span class='ocrx_word' id='word_1_82' title='bbox 1087 1567 1131 1615; x_wconf 83' lang='lat' dir='ltr'><strong>ted</strong></span> <span class='ocrx_word' id='word_1_83' title='bbox 1144 1571 1216 1618; x_wconf 82' lang='lat' dir='ltr'><strong>lector</strong></span> <span class='ocrx_word' id='word_1_84' title='bbox 1230 1570 1290 1620; x_wconf 80' lang='lat' dir='ltr'><strong>edd.</strong></span> 
     </span>
     <span class='ocr_line' id='line_1_12' title="bbox 198 1625 1291 1688; baseline 0.007 -13"><span class='ocrx_word' id='word_1_85' title='bbox 198 1628 224 1675; x_wconf 87' lang='lat' dir='ltr'><strong>iu</strong></span> <span class='ocrx_word' id='word_1_86' title='bbox 237 1639 315 1688; x_wconf 79' lang='lat' dir='ltr'><strong>ururg.</strong></span> <span class='ocrx_word' id='word_1_87' title='bbox 336 1625 405 1688; x_wconf 84' lang='lat' dir='ltr'><strong>Lipe.</strong></span> <span class='ocrx_word' id='word_1_88' title='bbox 418 1625 501 1673; x_wconf 82' lang='lat' dir='ltr'><strong>Elect.</strong></span> <span class='ocrx_word' id='word_1_89' title='bbox 514 1627 530 1672; x_wconf 93' lang='lat' dir='ltr'><strong>l.</strong></span> <span class='ocrx_word' id='word_1_90' title='bbox 543 1639 575 1674; x_wconf 86' lang='lat' dir='ltr'><strong>rt.</strong></span> <span class='ocrx_word' id='word_1_91' title='bbox 587 1640 611 1675; x_wconf 89' lang='lat' dir='ltr'><strong>c.</strong></span> <span class='ocrx_word' id='word_1_92' title='bbox 626 1631 664 1676; x_wconf 82' lang='grc'><strong>17.</strong></span> <span class='ocrx_word' id='word_1_93' title='bbox 677 1631 748 1676; x_wconf 81' lang='lat' dir='ltr'><strong>lutros</strong></span> <span class='ocrx_word' id='word_1_94' title='bbox 759 1629 799 1676; x_wconf 83' lang='lat' dir='ltr'><strong>rel</strong></span> <span class='ocrx_word' id='word_1_95' title='bbox 808 1631 868 1676; x_wconf 81' lang='lat' dir='ltr'><strong>lotus</strong></span> <span class='ocrx_word' id='word_1_96' title='bbox 878 1630 967 1678; x_wconf 82' lang='lat' dir='ltr'><strong>meluit</strong></span> <span class='ocrx_word' id='word_1_97' title='bbox 979 1632 1101 1680; x_wconf 86' lang='lat' dir='ltr'><strong>retinere.</strong></span> <span class='ocrx_word' id='word_1_98' title='bbox 1136 1632 1209 1680; x_wconf 85' lang='lat' dir='ltr'><strong>lnfru</strong></span> <span class='ocrx_word' id='word_1_99' title='bbox 1220 1637 1291 1683; x_wconf 84' lang='lat' dir='ltr'><strong>comi-</strong></span> 
     </span>
     <span class='ocr_line' id='line_1_13' title="bbox 199 1688 1291 1759; baseline 0.007 -21"><span class='ocrx_word' id='word_1_100' title='bbox 199 1694 291 1738; x_wconf 74' lang='lat' dir='ltr'><strong>teretur</strong></span> <span class='ocrx_word' id='word_1_101' title='bbox 308 1689 375 1738; x_wconf 82' lang='lat' dir='ltr'><strong>idem</strong></span> <span class='ocrx_word' id='word_1_102' title='bbox 394 1688 437 1737; x_wconf 92' lang='lat' dir='ltr'><strong>lib.</strong></span> <span class='ocrx_word' id='word_1_103' title='bbox 448 1690 522 1738; x_wconf 84' lang='lat' dir='ltr'><strong>Turr.</strong></span> <span class='ocrx_word' id='word_1_104' title='bbox 541 1703 587 1752; x_wconf 84' lang='lat' dir='ltr'><strong>pro</strong></span> <span class='ocrx_word' id='word_1_105' title='bbox 606 1692 791 1740; x_wconf 75' lang='lat' dir='ltr'><strong>commuuio-b</strong></span> <span class='ocrx_word' id='word_1_106' title='bbox 807 1691 870 1740; x_wconf 85' lang='lat' dir='ltr'><strong>Hoec</strong></span> <span class='ocrx_word' id='word_1_107' title='bbox 888 1694 1002 1742; x_wconf 89' lang='lat' dir='ltr'><strong>retinent</strong></span> <span class='ocrx_word' id='word_1_108' title='bbox 1013 1693 1082 1744; x_wconf 90' lang='lat' dir='ltr'><strong>0ud.</strong></span> <span class='ocrx_word' id='word_1_109' title='bbox 1095 1694 1171 1744; x_wconf 83' lang='lat' dir='ltr'><strong>Wolf.</strong></span> <span class='ocrx_word' id='word_1_110' title='bbox 1184 1697 1291 1759; x_wconf 72' lang='lat' dir='ltr'><strong>Beumg.</strong></span> 
     </span>
     <span class='ocr_line' id='line_1_14' title="bbox 200 1753 1290 1817; baseline 0.008 -16"><span class='ocrx_word' id='word_1_111' title='bbox 200 1754 352 1802; x_wconf 75' lang='lat' dir='ltr'><strong>auctoritete</strong></span> <span class='ocrx_word' id='word_1_112' title='bbox 369 1753 474 1802; x_wconf 82' lang='lat' dir='ltr'><strong>Merum.</strong></span> <span class='ocrx_word' id='word_1_113' title='bbox 492 1753 548 1815; x_wconf 89' lang='lat' dir='ltr'><strong>(qui</strong></span> <span class='ocrx_word' id='word_1_114' title='bbox 566 1759 592 1802; x_wconf 86' lang='lat' dir='ltr'><strong>et</strong></span> <span class='ocrx_word' id='word_1_115' title='bbox 611 1755 692 1816; x_wconf 70' lang='lat' dir='ltr'><strong>munt)</strong></span> <span class='ocrx_word' id='word_1_116' title='bbox 709 1756 774 1817; x_wconf 81' lang='lat' dir='ltr'><strong>Cup.</strong></span> <span class='ocrx_word' id='word_1_117' title='bbox 793 1756 889 1804; x_wconf 85' lang='lat' dir='ltr'><strong>Medic.</strong></span> <span class='ocrx_word' id='word_1_118' title='bbox 908 1758 994 1816; x_wconf 87' lang='lat' dir='ltr'><strong>trium,</strong></span> <span class='ocrx_word' id='word_1_119' title='bbox 1007 1759 1083 1806; x_wconf 82' lang='lat' dir='ltr'><strong>vinu.</strong></span> <span class='ocrx_word' id='word_1_120' title='bbox 1094 1763 1119 1808; x_wconf 89' lang='grc'><strong>2.</strong></span> <span class='ocrx_word' id='word_1_121' title='bbox 1131 1761 1204 1809; x_wconf 84' lang='lat' dir='ltr'><strong>Voss.</strong></span> <span class='ocrx_word' id='word_1_122' title='bbox 1216 1776 1290 1810; x_wconf 81' lang='lat' dir='ltr'><strong>ecce·</strong></span> 
     </span>
     <span class='ocr_line' id='line_1_15' title="bbox 199 1816 1291 1884; baseline 0.01 -20"><span class='ocrx_word' id='word_1_123' title='bbox 199 1817 276 1866; x_wconf 78' lang='lat' dir='ltr'><strong>dente</strong></span> <span class='ocrx_word' id='word_1_124' title='bbox 296 1817 365 1882; x_wconf 87' lang='lat' dir='ltr'><strong>Dun.</strong></span> <span class='ocrx_word' id='word_1_125' title='bbox 395 1816 446 1865; x_wconf 79' lang='lat' dir='ltr'><strong>Aut</strong></span> <span class='ocrx_word' id='word_1_126' title='bbox 464 1831 522 1866; x_wconf 88' lang='lat' dir='ltr'><strong>curn</strong></span> <span class='ocrx_word' id='word_1_127' title='bbox 541 1818 608 1867; x_wconf 87' lang='lat' dir='ltr'><strong>Edd.</strong></span> <span class='ocrx_word' id='word_1_128' title='bbox 627 1819 841 1880; x_wconf 83' lang='lat' dir='ltr'><strong>plurimie,etiem</strong></span> <span class='ocrx_word' id='word_1_129' title='bbox 853 1821 942 1869; x_wconf 77' lang='lat' dir='ltr'><strong>Burni.</strong></span> <span class='ocrx_word' id='word_1_130' title='bbox 959 1831 987 1869; x_wconf 91' lang='lat' dir='ltr'><strong>et</strong></span> <span class='ocrx_word' id='word_1_131' title='bbox 1004 1822 1063 1883; x_wconf 78' lang='lat' dir='ltr'><strong>Bip.</strong></span> <span class='ocrx_word' id='word_1_132' title='bbox 1080 1823 1122 1870; x_wconf 83' lang='lat' dir='ltr'><strong>boc</strong></span> <span class='ocrx_word' id='word_1_133' title='bbox 1137 1823 1291 1884; x_wconf 68' lang='lat' dir='ltr'><strong>punierunt.</strong></span> 
     </span>
     <span class='ocr_line' id='line_1_16' title="bbox 198 1881 1290 1948; baseline 0.006 -18"><span class='ocrx_word' id='word_1_134' title='bbox 198 1881 229 1930; x_wconf 92' lang='lat' dir='ltr'><strong>lu</strong></span> <span class='ocrx_word' id='word_1_135' title='bbox 252 1881 329 1930; x_wconf 83' lang='lat' dir='ltr'><strong>Fouc.</strong></span> <span class='ocrx_word' id='word_1_136' title='bbox 346 1895 401 1930; x_wconf 77' lang='lat' dir='ltr'><strong>num</strong></span> <span class='ocrx_word' id='word_1_137' title='bbox 415 1882 457 1930; x_wconf 80' lang='lat' dir='ltr'><strong>bor</strong></span> <span class='ocrx_word' id='word_1_138' title='bbox 470 1883 525 1928; x_wconf 81' lang='lat' dir='ltr'><strong>siue</strong></span> <span class='ocrx_word' id='word_1_139' title='bbox 543 1885 630 1931; x_wconf 75' lang='lat' dir='ltr'><strong>tre-l</strong></span> <span class='ocrx_word' id='word_1_140' title='bbox 652 1883 766 1933; x_wconf 80' lang='lat' dir='ltr'><strong>Bubulum</strong></span> <span class='ocrx_word' id='word_1_141' title='bbox 777 1885 852 1932; x_wconf 90' lang='lat' dir='ltr'><strong>Viud.</strong></span> <span class='ocrx_word' id='word_1_142' title='bbox 870 1889 894 1932; x_wconf 85' lang='grc'><strong>2.</strong></span> <span class='ocrx_word' id='word_1_143' title='bbox 912 1885 1025 1933; x_wconf 79' lang='lat' dir='ltr'><strong>Bibulum</strong></span> <span class='ocrx_word' id='word_1_144' title='bbox 1041 1887 1106 1948; x_wconf 82' lang='lat' dir='ltr'><strong>Cup.</strong></span> <span class='ocrx_word' id='word_1_145' title='bbox 1120 1888 1216 1937; x_wconf 82' lang='lat' dir='ltr'><strong>Medic.</strong></span> <span class='ocrx_word' id='word_1_146' title='bbox 1229 1893 1254 1936; x_wconf 90' lang='grc'><strong>2.</strong></span> <span class='ocrx_word' id='word_1_147' title='bbox 1266 1893 1290 1938; x_wconf 78' lang='lat'><strong>8.</strong></span> 
     </span>
     <span class='ocr_line' id='line_1_17' title="bbox 197 1943 1290 2012; baseline 0.005 -16"><span class='ocrx_word' id='word_1_148' title='bbox 197 1945 268 1996; x_wconf 90' lang='lat' dir='ltr'><strong>Duu.</strong></span> <span class='ocrx_word' id='word_1_149' title='bbox 280 1946 355 1994; x_wconf 80' lang='lat' dir='ltr'><strong>Voss.</strong></span> <span class='ocrx_word' id='word_1_150' title='bbox 367 1943 425 2006; x_wconf 79' lang='lat' dir='ltr'><strong>cnj.</strong></span> <span class='ocrx_word' id='word_1_151' title='bbox 443 1946 507 1994; x_wconf 85' lang='lat' dir='ltr'><strong>Tum</strong></span> <span class='ocrx_word' id='word_1_152' title='bbox 518 1945 588 2007; x_wconf 80' lang='lat' dir='ltr'><strong>bipe.</strong></span> <span class='ocrx_word' id='word_1_153' title='bbox 599 1961 708 2010; x_wconf 83' lang='lat' dir='ltr'><strong>cumque</strong></span> <span class='ocrx_word' id='word_1_154' title='bbox 721 1962 750 1996; x_wconf 88' lang='lat' dir='ltr'><strong>eo</strong></span> <span class='ocrx_word' id='word_1_155' title='bbox 762 1949 835 1998; x_wconf 77' lang='lat' dir='ltr'><strong>Torr.</strong></span> <span class='ocrx_word' id='word_1_156' title='bbox 849 1949 993 1997; x_wconf 84' lang='lat' dir='ltr'><strong>meluerunt</strong></span> <span class='ocrx_word' id='word_1_157' title='bbox 1003 1965 1192 2012; x_wconf 66' lang='lat' dir='ltr'><strong>usurpassem.</strong></span> <span class='ocrx_word' id='word_1_158' title='bbox 1214 1953 1290 2001; x_wconf 83' lang='lat' dir='ltr'><strong>Huls.</strong></span> 
     </span>
     <span class='ocr_line' id='line_1_18' title="bbox 198 2009 1290 2074; baseline 0.004 -14"><span class='ocrx_word' id='word_1_159' title='bbox 198 2024 255 2060; x_wconf 85' lang='lat' dir='ltr'><strong>cum</strong></span> <span class='ocrx_word' id='word_1_160' title='bbox 275 2009 444 2060; x_wconf 74' lang='lat' dir='ltr'><strong>Mncsmub.</strong></span> <span class='ocrx_word' id='word_1_161' title='bbox 460 2009 539 2058; x_wconf 81' lang='lat' dir='ltr'><strong>hebet</strong></span> <span class='ocrx_word' id='word_1_162' title='bbox 555 2015 579 2058; x_wconf 84' lang='lat' dir='ltr'><strong>et</strong></span> <span class='ocrx_word' id='word_1_163' title='bbox 597 2015 724 2060; x_wconf 69' lang='lat' dir='ltr'><strong>mcum-8</strong></span> <span class='ocrx_word' id='word_1_164' title='bbox 743 2013 813 2060; x_wconf 79' lang='lat' dir='ltr'><strong>Ficus</strong></span> <span class='ocrx_word' id='word_1_165' title='bbox 830 2012 926 2061; x_wconf 81' lang='lat' dir='ltr'><strong>Medic.</strong></span> <span class='ocrx_word' id='word_1_166' title='bbox 946 2015 969 2060; x_wconf 91' lang='lat' dir='ltr'><strong>l.</strong></span> <span class='ocrx_word' id='word_1_167' title='bbox 983 2017 1007 2062; x_wconf 83' lang='lat' dir='ltr'><strong>t.</strong></span> <span class='ocrx_word' id='word_1_168' title='bbox 1028 2013 1093 2074; x_wconf 74' lang='lat' dir='ltr'><strong>cop.</strong></span> <span class='ocrx_word' id='word_1_169' title='bbox 1143 2021 1234 2064; x_wconf 53' lang='lat' dir='ltr'><strong>uenat</strong></span> <span class='ocrx_word' id='word_1_170' title='bbox 1247 2017 1290 2074; x_wconf 83' lang='lat' dir='ltr'><strong>dis.</strong></span> 
     </span>
     <span class='ocr_line' id='line_1_19' title="bbox 147 2073 1289 2134; baseline 0.006 -13"><span class='ocrx_word' id='word_1_171' title='bbox 147 2073 152 2080; x_wconf 87' lang='lat'>&#39;</span> <span class='ocrx_word' id='word_1_172' title='bbox 199 2073 275 2124; x_wconf 86' lang='lat' dir='ltr'><strong>Viud.</strong></span> <span class='ocrx_word' id='word_1_173' title='bbox 285 2078 310 2122; x_wconf 94' lang='grc'><strong>2.</strong></span> <span class='ocrx_word' id='word_1_174' title='bbox 329 2074 398 2122; x_wconf 83' lang='lat' dir='ltr'><strong>Dein</strong></span> <span class='ocrx_word' id='word_1_175' title='bbox 409 2079 434 2122; x_wconf 81' lang='lat' dir='ltr'><strong>et</strong></span> <span class='ocrx_word' id='word_1_176' title='bbox 445 2073 519 2122; x_wconf 77' lang='lat' dir='ltr'><strong>deest</strong></span> <span class='ocrx_word' id='word_1_177' title='bbox 532 2082 590 2134; x_wconf 79' lang='lat' dir='ltr'><strong>poet</strong></span> <span class='ocrx_word' id='word_1_178' title='bbox 603 2073 690 2123; x_wconf 81' lang='lat' dir='ltr'><strong>uesceb.</strong></span> <span class='ocrx_word' id='word_1_179' title='bbox 704 2075 819 2125; x_wconf 80' lang='lat' dir='ltr'><strong>llorlem.</strong></span> <span class='ocrx_word' id='word_1_180' title='bbox 834 2077 918 2125; x_wconf 76' lang='lat' dir='ltr'><strong>Perit.</strong></span> <span class='ocrx_word' id='word_1_181' title='bbox 930 2076 1003 2126; x_wconf 86' lang='lat' dir='ltr'><strong>Cort.</strong></span> <span class='ocrx_word' id='word_1_182' title='bbox 1016 2076 1081 2124; x_wconf 86' lang='lat' dir='ltr'><strong>Edd.</strong></span> <span class='ocrx_word' id='word_1_183' title='bbox 1119 2093 1169 2126; x_wconf 90' lang='lat' dir='ltr'><strong>om.</strong></span> <span class='ocrx_word' id='word_1_184' title='bbox 1181 2079 1289 2130; x_wconf 84' lang='lat' dir='ltr'><strong>Mediol.</strong></span> 
     </span>
     <span class='ocr_line' id='line_1_20' title="bbox 197 2137 1289 2204; baseline 0.009 -23"><span class='ocrx_word' id='word_1_185' title='bbox 197 2137 263 2184; x_wconf 83' lang='lat' dir='ltr'><strong>ven.</strong></span> <span class='ocrx_word' id='word_1_186' title='bbox 275 2147 308 2187; x_wconf 90' lang='lat' dir='ltr'><strong>tr.</strong></span> <span class='ocrx_word' id='word_1_187' title='bbox 321 2137 385 2186; x_wconf 74' lang='lat' dir='ltr'><strong>lion.</strong></span> <span class='ocrx_word' id='word_1_188' title='bbox 396 2137 477 2201; x_wconf 81' lang='lat' dir='ltr'><strong>Lugd.</strong></span> <span class='ocrx_word' id='word_1_189' title='bbox 506 2137 648 2188; x_wconf 76' lang='lat' dir='ltr'><strong>Vesceiutur</strong></span> <span class='ocrx_word' id='word_1_190' title='bbox 658 2138 735 2186; x_wconf 85' lang='lat' dir='ltr'><strong>etium</strong></span> <span class='ocrx_word' id='word_1_191' title='bbox 746 2139 800 2188; x_wconf 81' lang='lat' dir='ltr'><strong>siue</strong></span> <span class='ocrx_word' id='word_1_192' title='bbox 814 2153 858 2201; x_wconf 77' lang='lat' dir='ltr'><strong>que</strong></span> <span class='ocrx_word' id='word_1_193' title='bbox 867 2141 891 2187; x_wconf 91' lang='lat' dir='ltr'><strong>in</strong></span> <span class='ocrx_word' id='word_1_194' title='bbox 911 2149 1020 2204; x_wconf 85' lang='lat' dir='ltr'><strong>utroque</strong></span> <span class='ocrx_word' id='word_1_195' title='bbox 1033 2141 1160 2189; x_wconf 75' lang='lat' dir='ltr'><strong>vinu-t</strong></span> <span class='ocrx_word' id='word_1_196' title='bbox 1175 2141 1208 2190; x_wconf 89' lang='lat' dir='ltr'><strong>lu</strong></span> <span class='ocrx_word' id='word_1_197' title='bbox 1222 2143 1289 2192; x_wconf 79' lang='lat' dir='ltr'><strong>lidd.</strong></span> 
     </span>
     <span class='ocr_line' id='line_1_21' title="bbox 197 2200 1290 2268; baseline 0.006 -19"><span class='ocrx_word' id='word_1_198' title='bbox 197 2200 269 2263; x_wconf 83' lang='lat' dir='ltr'><strong>Aldi,</strong></span> <span class='ocrx_word' id='word_1_199' title='bbox 280 2201 370 2264; x_wconf 77' lang='lat' dir='ltr'><strong>steph.</strong></span> <span class='ocrx_word' id='word_1_200' title='bbox 383 2202 492 2250; x_wconf 83' lang='lat' dir='ltr'><strong>Ceeuub.</strong></span> <span class='ocrx_word' id='word_1_201' title='bbox 505 2203 594 2252; x_wconf 80' lang='lat' dir='ltr'><strong>Groer.</strong></span> <span class='ocrx_word' id='word_1_202' title='bbox 615 2217 653 2264; x_wconf 82' lang='lat' dir='ltr'><strong>pr.</strong></span> <span class='ocrx_word' id='word_1_203' title='bbox 672 2216 722 2250; x_wconf 93' lang='lat' dir='ltr'><strong>uou</strong></span> <span class='ocrx_word' id='word_1_204' title='bbox 741 2213 874 2264; x_wconf 81' lang='lat' dir='ltr'><strong>comperet</strong></span> <span class='ocrx_word' id='word_1_205' title='bbox 887 2217 941 2266; x_wconf 80' lang='lat' dir='ltr'><strong>quo,</strong></span> <span class='ocrx_word' id='word_1_206' title='bbox 952 2204 1019 2267; x_wconf 83' lang='lat' dir='ltr'><strong>qttod</strong></span> <span class='ocrx_word' id='word_1_207' title='bbox 1031 2204 1091 2266; x_wconf 87' lang='lat' dir='ltr'><strong>ejici</strong></span> <span class='ocrx_word' id='word_1_208' title='bbox 1105 2207 1208 2253; x_wconf 79' lang='lat' dir='ltr'><strong>uoluere</strong></span> <span class='ocrx_word' id='word_1_209' title='bbox 1219 2207 1290 2268; x_wconf 79' lang='lat' dir='ltr'><strong>Lipe.</strong></span> 
     </span>
     <span class='ocr_line' id='line_1_22' title="bbox 197 2265 1289 2330; baseline 0.005 -17"><span class='ocrx_word' id='word_1_210' title='bbox 197 2273 224 2313; x_wconf 90' lang='lat' dir='ltr'><strong>et</strong></span> <span class='ocrx_word' id='word_1_211' title='bbox 238 2266 310 2314; x_wconf 83' lang='lat' dir='ltr'><strong>Torr.</strong></span> <span class='ocrx_word' id='word_1_212' title='bbox 335 2265 387 2314; x_wconf 82' lang='lat' dir='ltr'><strong>Sed</strong></span> <span class='ocrx_word' id='word_1_213' title='bbox 399 2273 472 2315; x_wconf 84' lang='lat' dir='ltr'><strong>notet</strong></span> <span class='ocrx_word' id='word_1_214' title='bbox 482 2266 593 2314; x_wconf 82' lang='lat' dir='ltr'><strong>Casuub.</strong></span> <span class='ocrx_word' id='word_1_215' title='bbox 603 2265 628 2313; x_wconf 92' lang='lat' dir='ltr'><strong>iu</strong></span> <span class='ocrx_word' id='word_1_216' title='bbox 640 2266 748 2316; x_wconf 84' lang='lat' dir='ltr'><strong>membr.</strong></span> <span class='ocrx_word' id='word_1_217' title='bbox 760 2267 836 2315; x_wconf 82' lang='lat' dir='ltr'><strong>scribi</strong></span> <span class='ocrx_word' id='word_1_218' title='bbox 849 2272 873 2316; x_wconf 85' lang='lat' dir='ltr'><strong>et</strong></span> <span class='ocrx_word' id='word_1_219' title='bbox 884 2283 926 2330; x_wconf 79' lang='lat' dir='ltr'><strong>quo</strong></span> <span class='ocrx_word' id='word_1_220' title='bbox 937 2269 994 2323; x_wconf 84' lang='lat' dir='ltr'><strong>loco,</strong></span> <span class='ocrx_word' id='word_1_221' title='bbox 1007 2271 1067 2317; x_wconf 88' lang='lat' dir='ltr'><strong>etin</strong></span> <span class='ocrx_word' id='word_1_222' title='bbox 1080 2268 1177 2318; x_wconf 86' lang='lat' dir='ltr'><strong>Medic.</strong></span> <span class='ocrx_word' id='word_1_223' title='bbox 1190 2273 1211 2317; x_wconf 87' lang='lat'><strong>1.</strong></span> <span class='ocrx_word' id='word_1_224' title='bbox 1223 2273 1247 2316; x_wconf 77' lang='lat'><strong>8.</strong></span> <span class='ocrx_word' id='word_1_225' title='bbox 1258 2285 1289 2319; x_wconf 82' lang='lat' dir='ltr'><strong>ec</strong></span> 
     </span>
     <span class='ocr_line' id='line_1_23' title="bbox 197 2329 1288 2396; baseline 0.007 -21"><span class='ocrx_word' id='word_1_226' title='bbox 197 2329 275 2378; x_wconf 82' lang='lat' dir='ltr'><strong>vtud.</strong></span> <span class='ocrx_word' id='word_1_227' title='bbox 284 2334 309 2378; x_wconf 88' lang='grc'><strong>2.</strong></span> <span class='ocrx_word' id='word_1_228' title='bbox 321 2329 418 2392; x_wconf 83' lang='lat' dir='ltr'><strong>reperit</strong></span> <span class='ocrx_word' id='word_1_229' title='bbox 429 2329 498 2378; x_wconf 85' lang='lat' dir='ltr'><strong>Oud.</strong></span> <span class='ocrx_word' id='word_1_230' title='bbox 509 2337 644 2378; x_wconf 70' lang='lat' dir='ltr'><strong>excretum</strong></span> <span class='ocrx_word' id='word_1_231' title='bbox 660 2345 800 2392; x_wconf 64' lang='lat' dir='ltr'><strong>commuue</strong></span> <span class='ocrx_word' id='word_1_232' title='bbox 814 2330 915 2395; x_wconf 71' lang='lat' dir='ltr'><strong>(quoqne</strong></span> <span class='ocrx_word' id='word_1_233' title='bbox 925 2331 1004 2379; x_wconf 90' lang='lat' dir='ltr'><strong>Viud.</strong></span> <span class='ocrx_word' id='word_1_234' title='bbox 1022 2335 1061 2394; x_wconf 84' lang='lat'><strong>1.)</strong></span> <span class='ocrx_word' id='word_1_235' title='bbox 1076 2347 1121 2393; x_wconf 78' lang='lat' dir='ltr'><strong>quo</strong></span> <span class='ocrx_word' id='word_1_236' title='bbox 1131 2333 1189 2395; x_wconf 72' lang='lat' dir='ltr'><strong>boo,</strong></span> <span class='ocrx_word' id='word_1_237' title='bbox 1202 2347 1247 2396; x_wconf 72' lang='lat' dir='ltr'><strong>utto</strong></span> <span class='ocrx_word' id='word_1_238' title='bbox 1257 2339 1288 2384; x_wconf 89' lang='lat' dir='ltr'><strong>tt.</strong></span> 
     </span>
     <span class='ocr_line' id='line_1_24' title="bbox 197 2393 1289 2461; baseline 0.005 -19"><span class='ocrx_word' id='word_1_239' title='bbox 197 2393 264 2442; x_wconf 88' lang='lat' dir='ltr'><strong>uutle</strong></span> <span class='ocrx_word' id='word_1_240' title='bbox 274 2393 463 2444; x_wconf 83' lang='lat' dir='ltr'><strong>ementiendum</strong></span> <span class='ocrx_word' id='word_1_241' title='bbox 474 2393 614 2461; x_wconf 78' lang='lat' dir='ltr'><strong>existimet,</strong></span> <span class='ocrx_word' id='word_1_242' title='bbox 625 2409 763 2458; x_wconf 65' lang='lat' dir='ltr'><strong>quumque</strong></span> <span class='ocrx_word' id='word_1_243' title='bbox 774 2400 844 2458; x_wconf 73' lang='lat' dir='ltr'><strong>temp.</strong></span> <span class='ocrx_word' id='word_1_244' title='bbox 854 2409 944 2458; x_wconf 69' lang='lat' dir='ltr'><strong>quoquo</strong></span> <span class='ocrx_word' id='word_1_245' title='bbox 953 2395 1001 2444; x_wconf 77' lang='lat' dir='ltr'><strong>tm</strong></span> <span class='ocrx_word' id='word_1_246' title='bbox 1011 2401 1044 2444; x_wconf 87' lang='lat' dir='ltr'><strong>tt.</strong></span> <span class='ocrx_word' id='word_1_247' title='bbox 1064 2395 1096 2444; x_wconf 90' lang='lat' dir='ltr'><strong>lu</strong></span> <span class='ocrx_word' id='word_1_248' title='bbox 1109 2397 1175 2446; x_wconf 81' lang='lat' dir='ltr'><strong>lldd.</strong></span> <span class='ocrx_word' id='word_1_249' title='bbox 1189 2397 1253 2447; x_wconf 83' lang='lat' dir='ltr'><strong>lieu.</strong></span> <span class='ocrx_word' id='word_1_250' title='bbox 1263 2401 1289 2448; x_wconf 90' lang='grc'><strong>2.</strong></span> 
     </span>
    </p>
   </div>
   <div class='ocr_carea' id='block_1_5' title="bbox 693 2582 799 2635">
    <p class='ocr_par' dir='ltr' id='par_1_5' title="bbox 693 2582 799 2635">
     <span class='ocr_line' id='line_1_25' title="bbox 693 2582 799 2635; baseline -0.019 0"><span class='ocrx_word' id='word_1_251' title='bbox 693 2582 799 2635; x_wconf 79' lang='lat' dir='ltr'><strong>NO&#39;l&#39;AE</strong></span> 
     </span>
    </p>
   </div>
   <div class='ocr_carea' id='block_1_6' title="bbox 192 2694 1289 4344">
    <p class='ocr_par' dir='ltr' id='par_1_6' title="bbox 192 2694 1289 4344">
     <span class='ocr_line' id='line_1_26' title="bbox 229 2694 1289 2758; baseline -0.004 -12"><span class='ocrx_word' id='word_1_252' title='bbox 229 2702 240 2727; x_wconf 86' lang='lat'>⁰</span> <span class='ocrx_word' id='word_1_253' title='bbox 256 2694 351 2758; x_wconf 66' lang='lat' dir='ltr'><strong>lentot]</strong></span> <span class='ocrx_word' id='word_1_254' title='bbox 367 2695 443 2746; x_wconf 81' lang='lat' dir='ltr'><strong>Libro</strong></span> <span class='ocrx_word' id='word_1_255' title='bbox 455 2710 506 2746; x_wconf 87' lang='lat' dir='ltr'><strong>uuo</strong></span> <span class='ocrx_word' id='word_1_256' title='bbox 517 2711 567 2746; x_wconf 84' lang='lat' dir='ltr'><strong>uun</strong></span> <span class='ocrx_word' id='word_1_257' title='bbox 582 2697 649 2746; x_wconf 80' lang='lat' dir='ltr'><strong>melo</strong></span> <span class='ocrx_word' id='word_1_258' title='bbox 659 2697 722 2745; x_wconf 83' lang='lat' dir='ltr'><strong>‘l&#39;ur-</strong></span> <span class='ocrx_word' id='word_1_259' title='bbox 761 2703 826 2757; x_wconf 83' lang='lat' dir='ltr'><strong>tum,</strong></span> <span class='ocrx_word' id='word_1_260' title='bbox 842 2709 890 2758; x_wconf 85' lang='lat' dir='ltr'><strong>pro</strong></span> <span class='ocrx_word' id='word_1_261' title='bbox 908 2695 964 2758; x_wconf 72' lang='lat' dir='ltr'><strong>iuss</strong></span> <span class='ocrx_word' id='word_1_262' title='bbox 983 2696 1077 2745; x_wconf 86' lang='lat' dir='ltr'><strong>erbore</strong></span> <span class='ocrx_word' id='word_1_263' title='bbox 1086 2695 1126 2744; x_wconf 81' lang='lat' dir='ltr'><strong>bie</strong></span> <span class='ocrx_word' id='word_1_264' title='bbox 1135 2707 1289 2757; x_wconf 84' lang='lat' dir='ltr'><strong>unoquoque</strong></span> 
     </span>
     <span class='ocr_line' id='line_1_27' title="bbox 197 2769 1288 2838; baseline -0.005 -17"><span class='ocrx_word' id='word_1_265' title='bbox 197 2771 298 2821; x_wconf 78' lang='lat' dir='ltr'><strong>tentius</strong></span> <span class='ocrx_word' id='word_1_266' title='bbox 309 2773 371 2834; x_wconf 70' lang='lat' dir='ltr'><strong>legit</strong></span> <span class='ocrx_word' id='word_1_267' title='bbox 382 2772 462 2829; x_wconf 78' lang='lat' dir='ltr'><strong>libret,</strong></span> <span class='ocrx_word' id='word_1_268' title='bbox 473 2773 542 2838; x_wconf 72' lang='lat' dir='ltr'><strong>quod</strong></span> <span class='ocrx_word' id='word_1_269' title='bbox 554 2774 648 2835; x_wconf 80' lang='lat' dir='ltr'><strong>probet</strong></span> <span class='ocrx_word' id='word_1_270' title='bbox 662 2774 721 2836; x_wconf 83' lang='lat' dir='ltr'><strong>Lip-</strong></span> <span class='ocrx_word' id='word_1_271' title='bbox 762 2786 829 2820; x_wconf 81' lang='lat' dir='ltr'><strong>euno</strong></span> <span class='ocrx_word' id='word_1_272' title='bbox 840 2769 940 2828; x_wconf 72' lang='lat' dir='ltr'><strong>fructur</strong></span> <span class='ocrx_word' id='word_1_273' title='bbox 958 2773 1060 2833; x_wconf 83' lang='lat' dir='ltr'><strong>edente,</strong></span> <span class='ocrx_word' id='word_1_274' title='bbox 1078 2769 1166 2835; x_wconf 83' lang='lat' dir='ltr'><strong>qrrulee</strong></span> <span class='ocrx_word' id='word_1_275' title='bbox 1182 2783 1288 2832; x_wconf 66' lang='lat' dir='ltr'><strong>pruent-</strong></span> 
     </span>
     <span class='ocr_line' id='line_1_28' title="bbox 195 2845 1289 2912; baseline -0.003 -15"><span class='ocrx_word' id='word_1_276' title='bbox 195 2849 257 2904; x_wconf 79' lang='lat' dir='ltr'><strong>tiuu‚</strong></span> <span class='ocrx_word' id='word_1_277' title='bbox 268 2855 313 2898; x_wconf 84' lang='lat' dir='ltr'><strong>eut</strong></span> <span class='ocrx_word' id='word_1_278' title='bbox 323 2849 412 2897; x_wconf 79' lang='lat' dir='ltr'><strong>uellem</strong></span> <span class='ocrx_word' id='word_1_279' title='bbox 424 2849 493 2910; x_wconf 73' lang='lat' dir='ltr'><strong>lotor,</strong></span> <span class='ocrx_word' id='word_1_280' title='bbox 505 2848 575 2912; x_wconf 84' lang='lat' dir='ltr'><strong>quod</strong></span> <span class='ocrx_word' id='word_1_281' title='bbox 586 2849 654 2897; x_wconf 85' lang='lat' dir='ltr'><strong>idem</strong></span> <span class='ocrx_word' id='word_1_282' title='bbox 663 2857 721 2909; x_wconf 72' lang='grc' dir='ltr'><strong>ως</strong></span> <span class='ocrx_word' id='word_1_283' title='bbox 762 2847 808 2896; x_wconf 84' lang='lat' dir='ltr'><strong>tim</strong></span> <span class='ocrx_word' id='word_1_284' title='bbox 825 2845 889 2895; x_wconf 82' lang='lat' dir='ltr'><strong>ficut</strong></span> <span class='ocrx_word' id='word_1_285' title='bbox 908 2862 963 2896; x_wconf 83' lang='lat' dir='ltr'><strong>erue</strong></span> <span class='ocrx_word' id='word_1_286' title='bbox 982 2847 1047 2897; x_wconf 85' lang='lat' dir='ltr'><strong>dicit</strong></span> <span class='ocrx_word' id='word_1_287' title='bbox 1062 2847 1162 2896; x_wconf 83' lang='lat' dir='ltr'><strong>Plinius</strong></span> <span class='ocrx_word' id='word_1_288' title='bbox 1173 2846 1217 2896; x_wconf 88' lang='lat' dir='ltr'><strong>lib.</strong></span> <span class='ocrx_word' id='word_1_289' title='bbox 1228 2858 1289 2894; x_wconf 81' lang='lat' dir='ltr'><strong>xvr.</strong></span> 
     </span>
     <span class='ocr_line' id='line_1_29' title="bbox 197 2920 1288 2985; baseline -0.003 -15"><span class='ocrx_word' id='word_1_290' title='bbox 197 2931 226 2972; x_wconf 92' lang='lat' dir='ltr'><strong>ut</strong></span> <span class='ocrx_word' id='word_1_291' title='bbox 241 2923 277 2973; x_wconf 85' lang='lat' dir='ltr'><strong>eit</strong></span> <span class='ocrx_word' id='word_1_292' title='bbox 287 2937 390 2974; x_wconf 76' lang='lat' dir='ltr'><strong>renem:</strong></span> <span class='ocrx_word' id='word_1_293' title='bbox 410 2924 576 2974; x_wconf 79' lang='lat' dir='ltr'><strong>licitetlonem</strong></span> <span class='ocrx_word' id='word_1_294' title='bbox 589 2923 655 2973; x_wconf 78' lang='lat' dir='ltr'><strong>huuc</strong></span> <span class='ocrx_word' id='word_1_295' title='bbox 666 2922 720 2972; x_wconf 80' lang='lat' dir='ltr'><strong>iec-</strong></span> <span class='ocrx_word' id='word_1_296' title='bbox 761 2935 785 2970; x_wconf 88' lang='lat' dir='ltr'><strong>c.</strong></span> <span class='ocrx_word' id='word_1_297' title='bbox 795 2925 837 2971; x_wconf 77' lang='grc'><strong>28.</strong></span> <span class='ocrx_word' id='word_1_298' title='bbox 849 2927 877 2970; x_wconf 85' lang='lat' dir='ltr'><strong>et</strong></span> <span class='ocrx_word' id='word_1_299' title='bbox 887 2925 928 2972; x_wconf 79' lang='lat' dir='ltr'><strong>tt.</strong></span> <span class='ocrx_word' id='word_1_300' title='bbox 960 2922 1016 2972; x_wconf 80' lang='lat' dir='ltr'><strong>Her</strong></span> <span class='ocrx_word' id='word_1_301' title='bbox 1025 2922 1143 2985; x_wconf 77' lang='lat' dir='ltr'><strong>duplices</strong></span> <span class='ocrx_word' id='word_1_302' title='bbox 1155 2920 1288 2983; x_wconf 75' lang='lat' dir='ltr'><strong>appellare</strong></span> 
     </span>
     <span class='ocr_line' id='line_1_30' title="bbox 200 2995 1288 3063; baseline -0.002 -16"><span class='ocrx_word' id='word_1_303' title='bbox 200 3007 252 3048; x_wconf 83' lang='lat' dir='ltr'><strong>tutu</strong></span> <span class='ocrx_word' id='word_1_304' title='bbox 280 3014 312 3050; x_wconf 84' lang='lat' dir='ltr'><strong>eo</strong></span> <span class='ocrx_word' id='word_1_305' title='bbox 334 3000 480 3058; x_wconf 78' lang='lat' dir='ltr'><strong>intervallo,</strong></span> <span class='ocrx_word' id='word_1_306' title='bbox 501 3013 552 3063; x_wconf 84' lang='lat' dir='ltr'><strong>quc</strong></span> <span class='ocrx_word' id='word_1_307' title='bbox 575 3013 664 3048; x_wconf 85' lang='lat' dir='ltr'><strong>mentre</strong></span> <span class='ocrx_word' id='word_1_308' title='bbox 688 3013 721 3047; x_wconf 79' lang='lat' dir='ltr'><strong>ex</strong></span> <span class='ocrx_word' id='word_1_309' title='bbox 761 2995 864 3046; x_wconf 83' lang='lat' dir='ltr'><strong>videtur</strong></span> <span class='ocrx_word' id='word_1_310' title='bbox 877 2997 1000 3047; x_wconf 84' lang='lat' dir='ltr'><strong>lloretiue</strong></span> <span class='ocrx_word' id='word_1_311' title='bbox 1012 2998 1055 3047; x_wconf 91' lang='lat' dir='ltr'><strong>lib.</strong></span> <span class='ocrx_word' id='word_1_312' title='bbox 1066 3011 1095 3046; x_wconf 87' lang='lat' dir='ltr'><strong>tr.</strong></span> <span class='ocrx_word' id='word_1_313' title='bbox 1105 2997 1182 3046; x_wconf 82' lang='lat' dir='ltr'><strong>Setir.</strong></span> <span class='ocrx_word' id='word_1_314' title='bbox 1192 3000 1216 3044; x_wconf 89' lang='grc'><strong>2.</strong></span> <span class='ocrx_word' id='word_1_315' title='bbox 1232 2997 1288 3045; x_wconf 81' lang='lat' dir='ltr'><strong>‘Et</strong></span> 
     </span>
     <span class='ocr_line' id='line_1_31' title="bbox 194 3069 1286 3132; baseline -0.005 -9"><span class='ocrx_word' id='word_1_316' title='bbox 194 3074 380 3124; x_wconf 77' lang='lat' dir='ltr'><strong>cousuetudine</strong></span> <span class='ocrx_word' id='word_1_317' title='bbox 400 3074 521 3124; x_wconf 73' lang='lat' dir='ltr'><strong>lambent</strong></span> <span class='ocrx_word' id='word_1_318' title='bbox 538 3076 721 3124; x_wconf 80' lang='lat' dir='ltr'><strong>iutercoeueu·</strong></span> <span class='ocrx_word' id='word_1_319' title='bbox 760 3084 812 3120; x_wconf 75' lang='lat' dir='ltr'><strong>uus</strong></span> <span class='ocrx_word' id='word_1_320' title='bbox 831 3071 940 3121; x_wconf 75' lang='lat' dir='ltr'><strong>ornabat</strong></span> <span class='ocrx_word' id='word_1_321' title='bbox 956 3086 1055 3122; x_wconf 80' lang='lat' dir='ltr'><strong>meum</strong></span> <span class='ocrx_word' id='word_1_322' title='bbox 1073 3085 1131 3120; x_wconf 89' lang='lat' dir='ltr'><strong>euru</strong></span> <span class='ocrx_word' id='word_1_323' title='bbox 1142 3069 1246 3132; x_wconf 79' lang='lat' dir='ltr'><strong>duplice</strong></span> <span class='ocrx_word' id='word_1_324' title='bbox 1257 3069 1286 3118; x_wconf 90' lang='lat' dir='ltr'><strong>li-</strong></span> 
     </span>
     <span class='ocr_line' id='line_1_32' title="bbox 195 3145 1287 3215; baseline -0.004 -17"><span class='ocrx_word' id='word_1_325' title='bbox 195 3151 266 3212; x_wconf 84' lang='lat' dir='ltr'><strong>dum,</strong></span> <span class='ocrx_word' id='word_1_326' title='bbox 277 3151 379 3215; x_wconf 78' lang='lat' dir='ltr'><strong>quoties</strong></span> <span class='ocrx_word' id='word_1_327' title='bbox 390 3164 483 3214; x_wconf 79' lang='lat' dir='ltr'><strong>nempe</strong></span> <span class='ocrx_word' id='word_1_328' title='bbox 499 3150 720 3201; x_wconf 71' lang='lat' dir='ltr'><strong>merebunturter·</strong></span> <span class='ocrx_word' id='word_1_329' title='bbox 760 3147 816 3194; x_wconf 66' lang='lat' dir='ltr'><strong>cu!</strong></span> <span class='ocrx_word' id='word_1_330' title='bbox 846 3145 896 3194; x_wconf 73' lang='lat' dir='ltr'><strong>lim</strong></span> <span class='ocrx_word' id='word_1_331' title='bbox 914 3148 1069 3196; x_wconf 81' lang='lat' dir='ltr'><strong>utbleterum</strong></span> <span class='ocrx_word' id='word_1_332' title='bbox 1086 3147 1230 3208; x_wconf 68' lang='lat' dir='ltr'><strong>presertim</strong></span> <span class='ocrx_word' id='word_1_333' title='bbox 1241 3146 1287 3194; x_wconf 92' lang='lat' dir='ltr'><strong>de·</strong></span> 
     </span>
     <span class='ocr_line' id='line_1_33' title="bbox 193 3220 1287 3288; baseline 0 -18"><span class='ocrx_word' id='word_1_334' title='bbox 193 3225 260 3274; x_wconf 74' lang='lat' dir='ltr'><strong>euin.</strong></span> <span class='ocrx_word' id='word_1_335' title='bbox 305 3226 364 3278; x_wconf 78' lang='lat' dir='ltr'><strong>Quo</strong></span> <span class='ocrx_word' id='word_1_336' title='bbox 385 3225 452 3275; x_wconf 77' lang='lat' dir='ltr'><strong>forte</strong></span> <span class='ocrx_word' id='word_1_337' title='bbox 475 3227 531 3288; x_wconf 76' lang='lat' dir='ltr'><strong>plue</strong></span> <span class='ocrx_word' id='word_1_338' title='bbox 552 3226 677 3275; x_wconf 72' lang='lat' dir='ltr'><strong>aeuninte</strong></span> <span class='ocrx_word' id='word_1_339' title='bbox 692 3231 721 3274; x_wconf 70' lang='lat' dir='ltr'><strong>et</strong></span> <span class='ocrx_word' id='word_1_340' title='bbox 760 3220 836 3276; x_wconf 80' lang='lat' dir='ltr'><strong>tteiae,</strong></span> <span class='ocrx_word' id='word_1_341' title='bbox 854 3222 923 3284; x_wconf 83' lang='lat' dir='ltr'><strong>quod</strong></span> <span class='ocrx_word' id='word_1_342' title='bbox 935 3230 963 3270; x_wconf 88' lang='lat' dir='ltr'><strong>et</strong></span> <span class='ocrx_word' id='word_1_343' title='bbox 976 3223 1102 3284; x_wconf 81' lang='lat' dir='ltr'><strong>juvenum</strong></span> <span class='ocrx_word' id='word_1_344' title='bbox 1113 3223 1181 3272; x_wconf 84' lang='lat' dir='ltr'><strong>vires</strong></span> <span class='ocrx_word' id='word_1_345' title='bbox 1192 3235 1287 3285; x_wconf 71' lang='lat' dir='ltr'><strong>engere</strong></span> 
     </span>
     <span class='ocr_line' id='line_1_34' title="bbox 195 3297 1287 3363; baseline 0.001 -15"><span class='ocrx_word' id='word_1_346' title='bbox 195 3300 357 3360; x_wconf 81' lang='lat' dir='ltr'><strong>eruditionis,</strong></span> <span class='ocrx_word' id='word_1_347' title='bbox 367 3313 443 3363; x_wconf 83' lang='lat' dir='ltr'><strong>quum</strong></span> <span class='ocrx_word' id='word_1_348' title='bbox 455 3299 572 3348; x_wconf 84' lang='lat' dir='ltr'><strong>veritetie</strong></span> <span class='ocrx_word' id='word_1_349' title='bbox 587 3299 655 3348; x_wconf 84' lang='lat' dir='ltr'><strong>tmtt.</strong></span> <span class='ocrx_word' id='word_1_350' title='bbox 760 3304 788 3347; x_wconf 89' lang='lat' dir='ltr'><strong>et</strong></span> <span class='ocrx_word' id='word_1_351' title='bbox 799 3312 886 3346; x_wconf 80' lang='lat' dir='ltr'><strong>seusun</strong></span> <span class='ocrx_word' id='word_1_352' title='bbox 899 3297 1145 3348; x_wconf 78' lang='lat' dir='ltr'><strong>reficerediceutur.</strong></span> <span class='ocrx_word' id='word_1_353' title='bbox 1177 3299 1287 3349; x_wconf 80' lang='lat' dir='ltr'><strong>&#39;l&#39;orreu-</strong></span> 
     </span>
     <span class='ocr_line' id='line_1_35' title="bbox 227 3372 1287 3438; baseline -0.002 -14"><span class='ocrx_word' id='word_1_354' title='bbox 227 3373 422 3424; x_wconf 64' lang='lat' dir='ltr'><strong>eberstein</strong></span> <span class='ocrx_word' id='word_1_355' title='bbox 431 3373 526 3436; x_wconf 73' lang='lat' dir='ltr'><strong>pem]</strong></span> <span class='ocrx_word' id='word_1_356' title='bbox 540 3373 597 3422; x_wconf 79' lang='lat' dir='ltr'><strong>Hoc</strong></span> <span class='ocrx_word' id='word_1_357' title='bbox 606 3381 655 3428; x_wconf 81' lang='lat' dir='ltr'><strong>est,</strong></span> <span class='ocrx_word' id='word_1_358' title='bbox 664 3375 720 3436; x_wconf 81' lang='lat' dir='ltr'><strong>ple·</strong></span> <span class='ocrx_word' id='word_1_359' title='bbox 762 3375 811 3424; x_wconf 81' lang='lat' dir='ltr'><strong>tius</strong></span> <span class='ocrx_word' id='word_1_360' title='bbox 823 3372 857 3424; x_wconf 92' lang='lat' dir='ltr'><strong>de</strong></span> <span class='ocrx_word' id='word_1_361' title='bbox 867 3373 977 3438; x_wconf 79' lang='lat' dir='ltr'><strong>quodem</strong></span> <span class='ocrx_word' id='word_1_362' title='bbox 988 3374 1045 3437; x_wconf 79' lang='lat' dir='ltr'><strong>ejus</strong></span> <span class='ocrx_word' id='word_1_363' title='bbox 1053 3376 1120 3437; x_wconf 84' lang='lat' dir='ltr'><strong>pomi</strong></span> <span class='ocrx_word' id='word_1_364' title='bbox 1130 3387 1225 3436; x_wconf 74' lang='lat' dir='ltr'><strong>genere</strong></span> <span class='ocrx_word' id='word_1_365' title='bbox 1234 3381 1287 3422; x_wconf 79' lang='lat' dir='ltr'><strong>tutu</strong></span> 
     </span>
     <span class='ocr_line' id='line_1_36' title="bbox 192 3448 1286 3514; baseline 0 -15"><span class='ocrx_word' id='word_1_366' title='bbox 192 3450 289 3510; x_wconf 67' lang='lat' dir='ltr'><strong>belum</strong></span> <span class='ocrx_word' id='word_1_367' title='bbox 308 3465 341 3500; x_wconf 82' lang='lat' dir='ltr'><strong>ex</strong></span> <span class='ocrx_word' id='word_1_368' title='bbox 359 3451 472 3499; x_wconf 77' lang='lat' dir='ltr'><strong>secundo</strong></span> <span class='ocrx_word' id='word_1_369' title='bbox 492 3448 621 3512; x_wconf 66' lang='lat' dir='ltr'><strong>beniuolo,</strong></span> <span class='ocrx_word' id='word_1_370' title='bbox 639 3449 682 3512; x_wconf 78' lang='lat' dir='ltr'><strong>qut</strong></span> <span class='ocrx_word' id='word_1_371' title='bbox 693 3456 721 3498; x_wconf 83' lang='lat' dir='ltr'><strong>et</strong></span> <span class='ocrx_word' id='word_1_372' title='bbox 761 3448 895 3498; x_wconf 81' lang='lat' dir='ltr'><strong>lloretium</strong></span> <span class='ocrx_word' id='word_1_373' title='bbox 908 3463 983 3514; x_wconf 84' lang='lat' dir='ltr'><strong>quem</strong></span> <span class='ocrx_word' id='word_1_374' title='bbox 994 3449 1143 3500; x_wconf 84' lang='lat' dir='ltr'><strong>Suetonium</strong></span> <span class='ocrx_word' id='word_1_375' title='bbox 1155 3449 1286 3512; x_wconf 71' lang='lat' dir='ltr'><strong>iutelligit.</strong></span> 
     </span>
     <span class='ocr_line' id='line_1_37' title="bbox 195 3523 1286 3590; baseline -0.002 -16"><span class='ocrx_word' id='word_1_376' title='bbox 195 3525 664 3590; x_wconf 61' lang='lat' dir='ltr'><strong>nonnoreeuuumdtcimreputm.</strong></span> <span class='ocrx_word' id='word_1_377' title='bbox 677 3525 720 3575; x_wconf 81' lang='lat' dir='ltr'><strong>tib.</strong></span> <span class='ocrx_word' id='word_1_378' title='bbox 761 3523 811 3572; x_wconf 84' lang='lat' dir='ltr'><strong>Dic</strong></span> <span class='ocrx_word' id='word_1_379' title='bbox 832 3523 937 3574; x_wconf 77' lang='lat' dir='ltr'><strong>Cottius</strong></span> <span class='ocrx_word' id='word_1_380' title='bbox 956 3525 996 3574; x_wconf 80' lang='lat' dir='ltr'><strong>liis</strong></span> <span class='ocrx_word' id='word_1_381' title='bbox 1017 3523 1119 3574; x_wconf 87' lang='lat' dir='ltr'><strong>teudetu</strong></span> <span class='ocrx_word' id='word_1_382' title='bbox 1141 3524 1286 3586; x_wconf 77' lang='lat' dir='ltr'><strong>Augustum</strong></span> 
     </span>
     <span class='ocr_line' id='line_1_38' title="bbox 198 3599 1287 3666; baseline 0 -16"><span class='ocrx_word' id='word_1_383' title='bbox 198 3615 231 3650; x_wconf 86' lang='lat' dir='ltr'><strong>rt.</strong></span> <span class='ocrx_word' id='word_1_384' title='bbox 248 3605 255 3629; x_wconf 92' lang='lat'>‘</span> <span class='ocrx_word' id='word_1_385' title='bbox 267 3602 336 3651; x_wconf 79' lang='lat' dir='ltr'><strong>Vivit</strong></span> <span class='ocrx_word' id='word_1_386' title='bbox 347 3602 455 3666; x_wconf 81' lang='lat' dir='ltr'><strong>illiquie.</strong></span> <span class='ocrx_word' id='word_1_387' title='bbox 466 3607 493 3650; x_wconf 85' lang='lat' dir='ltr'><strong>et</strong></span> <span class='ocrx_word' id='word_1_388' title='bbox 504 3616 572 3665; x_wconf 80' lang='lat' dir='ltr'><strong>pune</strong></span> <span class='ocrx_word' id='word_1_389' title='bbox 582 3601 695 3652; x_wconf 79' lang='lat' dir='ltr'><strong>recuudc</strong></span> <span class='ocrx_word' id='word_1_390' title='bbox 705 3600 722 3647; x_wconf 74' lang='grc' dir='ltr'><strong>ι’</strong></span> <span class='ocrx_word' id='word_1_391' title='bbox 761 3602 841 3651; x_wconf 68' lang='lat' dir='ltr'><strong>Lirin</strong></span> <span class='ocrx_word' id='word_1_392' title='bbox 851 3599 985 3651; x_wconf 78' lang='lat' dir='ltr'><strong>itaudibue</strong></span> <span class='ocrx_word' id='word_1_393' title='bbox 995 3610 1116 3652; x_wconf 77' lang='lat' dir='ltr'><strong>euscium</strong></span> <span class='ocrx_word' id='word_1_394' title='bbox 1127 3607 1230 3649; x_wconf 75' lang='lat' dir='ltr'><strong>narret:</strong></span> <span class='ocrx_word' id='word_1_395' title='bbox 1243 3600 1287 3650; x_wconf 89' lang='lat' dir='ltr'><strong>illu</strong></span> 
     </span>
     <span class='ocr_line' id='line_1_39' title="bbox 196 3677 1286 3743; baseline -0.002 -17"><span class='ocrx_word' id='word_1_396' title='bbox 196 3679 293 3741; x_wconf 77' lang='lat' dir='ltr'><strong>primur</strong></span> <span class='ocrx_word' id='word_1_397' title='bbox 311 3685 406 3733; x_wconf 85' lang='lat' dir='ltr'><strong>eutem,</strong></span> <span class='ocrx_word' id='word_1_398' title='bbox 430 3678 473 3743; x_wconf 84' lang='lat' dir='ltr'><strong>qui</strong></span> <span class='ocrx_word' id='word_1_399' title='bbox 495 3679 602 3727; x_wconf 81' lang='lat' dir='ltr'><strong>muudus</strong></span> <span class='ocrx_word' id='word_1_400' title='bbox 620 3693 720 3742; x_wconf 77' lang='lat' dir='ltr'><strong>quoque</strong></span> <span class='ocrx_word' id='word_1_401' title='bbox 760 3677 856 3742; x_wconf 77' lang='lat' dir='ltr'><strong>quiippe</strong></span> <span class='ocrx_word' id='word_1_402' title='bbox 864 3678 988 3741; x_wconf 72' lang='lat' dir='ltr'><strong>Agrippre</strong></span> <span class='ocrx_word' id='word_1_403' title='bbox 997 3677 1084 3740; x_wconf 77' lang='lat' dir='ltr'><strong>nepoti</strong></span> <span class='ocrx_word' id='word_1_404' title='bbox 1095 3677 1286 3726; x_wconf 85' lang='lat' dir='ltr'><strong>reconcilietuut</strong></span> 
     </span>
     <span class='ocr_line' id='line_1_40' title="bbox 196 3751 1284 3817; baseline -0.002 -15"><span class='ocrx_word' id='word_1_405' title='bbox 196 3753 340 3808; x_wconf 76' lang='lat' dir='ltr'><strong>dicebatur,</strong></span> <span class='ocrx_word' id='word_1_406' title='bbox 357 3751 437 3802; x_wconf 75' lang='lat' dir='ltr'><strong>fiebat</strong></span> <span class='ocrx_word' id='word_1_407' title='bbox 459 3766 491 3801; x_wconf 85' lang='lat' dir='ltr'><strong>ex</strong></span> <span class='ocrx_word' id='word_1_408' title='bbox 512 3753 646 3816; x_wconf 82' lang='lat' dir='ltr'><strong>purissimo</strong></span> <span class='ocrx_word' id='word_1_409' title='bbox 668 3752 721 3801; x_wconf 82' lang='lat' dir='ltr'><strong>iut-</strong></span> <span class='ocrx_word' id='word_1_410' title='bbox 762 3755 833 3803; x_wconf 88' lang='lat' dir='ltr'><strong>illum</strong></span> <span class='ocrx_word' id='word_1_411' title='bbox 847 3754 946 3814; x_wconf 84' lang='lat' dir='ltr'><strong>dolens,</strong></span> <span class='ocrx_word' id='word_1_412' title='bbox 957 3755 1091 3814; x_wconf 81' lang='lat' dir='ltr'><strong>teriteuuo</strong></span> <span class='ocrx_word' id='word_1_413' title='bbox 1108 3767 1152 3817; x_wconf 86' lang='lat' dir='ltr'><strong>ne,</strong></span> <span class='ocrx_word' id='word_1_414' title='bbox 1170 3755 1192 3802; x_wconf 81' lang='lat' dir='ltr'><strong>ti</strong></span> <span class='ocrx_word' id='word_1_415' title='bbox 1205 3753 1284 3800; x_wconf 81' lang='lat' dir='ltr'><strong>vitum</strong></span> 
     </span>
     <span class='ocr_line' id='line_1_41' title="bbox 195 3824 1285 3891; baseline 0.004 -17"><span class='ocrx_word' id='word_1_416' title='bbox 195 3826 262 3876; x_wconf 83' lang='lat' dir='ltr'><strong>lure.</strong></span> <span class='ocrx_word' id='word_1_417' title='bbox 296 3824 720 3891; x_wconf 76' lang='lat' dir='ltr'><strong>De&#39;quibuediffereutiirrideris</strong></span> <span class='ocrx_word' id='word_1_418' title='bbox 761 3829 858 3878; x_wconf 84' lang='lat' dir='ltr'><strong>diutius</strong></span> <span class='ocrx_word' id='word_1_419' title='bbox 887 3829 1016 3891; x_wconf 74' lang='lat' dir='ltr'><strong>tinxisset,</strong></span> <span class='ocrx_word' id='word_1_420' title='bbox 1041 3829 1159 3876; x_wconf 77' lang='lat' dir='ltr'><strong>&#39;liberius</strong></span> <span class='ocrx_word' id='word_1_421' title='bbox 1179 3829 1285 3890; x_wconf 82' lang='lat' dir='ltr'><strong>irnperio</strong></span> 
     </span>
     <span class='ocr_line' id='line_1_42' title="bbox 194 3901 1287 3968; baseline 0.001 -17"><span class='ocrx_word' id='word_1_422' title='bbox 194 3901 306 3951; x_wconf 84' lang='lat' dir='ltr'><strong>Plinium</strong></span> <span class='ocrx_word' id='word_1_423' title='bbox 318 3903 363 3952; x_wconf 92' lang='lat' dir='ltr'><strong>lib.</strong></span> <span class='ocrx_word' id='word_1_424' title='bbox 375 3916 439 3952; x_wconf 84' lang='lat' dir='ltr'><strong>rttr.</strong></span> <span class='ocrx_word' id='word_1_425' title='bbox 453 3917 476 3952; x_wconf 91' lang='lat' dir='ltr'><strong>c.</strong></span> <span class='ocrx_word' id='word_1_426' title='bbox 487 3907 511 3952; x_wconf 80' lang='grc'><strong>9.</strong></span> <span class='ocrx_word' id='word_1_427' title='bbox 759 3902 939 3965; x_wconf 81' lang='lat' dir='ltr'><strong>frtretruretur,</strong></span> <span class='ocrx_word' id='word_1_428' title='bbox 955 3902 1020 3954; x_wconf 78' lang='lat' dir='ltr'><strong>licut</strong></span> <span class='ocrx_word' id='word_1_429' title='bbox 1034 3903 1160 3968; x_wconf 85' lang='lat' dir='ltr'><strong>ejusmodi</strong></span> <span class='ocrx_word' id='word_1_430' title='bbox 1173 3905 1287 3966; x_wconf 85' lang='lat' dir='ltr'><strong>penden-</strong></span> 
     </span>
     <span class='ocr_line' id='line_1_43' title="bbox 225 3978 1285 4042; baseline 0.002 -16"><span class='ocrx_word' id='word_1_431' title='bbox 225 3985 237 4020; x_wconf 72' lang='lat' dir='ltr'><strong>t</strong></span> <span class='ocrx_word' id='word_1_432' title='bbox 257 3979 346 4042; x_wconf 79' lang='lat' dir='ltr'><strong>Morte]</strong></span> <span class='ocrx_word' id='word_1_433' title='bbox 368 3979 468 4028; x_wconf 74' lang='lat' dir='ltr'><strong>Mavult</strong></span> <span class='ocrx_word' id='word_1_434' title='bbox 479 3979 631 4028; x_wconf 80' lang='lat' dir='ltr'><strong>Torrentius</strong></span> <span class='ocrx_word' id='word_1_435' title='bbox 644 3993 721 4040; x_wconf 75' lang='lat' dir='ltr'><strong>moue,</strong></span> <span class='ocrx_word' id='word_1_436' title='bbox 760 3985 800 4026; x_wconf 87' lang='lat' dir='ltr'><strong>tes</strong></span> <span class='ocrx_word' id='word_1_437' title='bbox 813 3979 845 4026; x_wconf 87' lang='lat' dir='ltr'><strong>ub</strong></span> <span class='ocrx_word' id='word_1_438' title='bbox 855 3978 945 4026; x_wconf 86' lang='lat' dir='ltr'><strong>urbore</strong></span> <span class='ocrx_word' id='word_1_439' title='bbox 958 3992 1055 4026; x_wconf 84' lang='lat' dir='ltr'><strong>veneno</strong></span> <span class='ocrx_word' id='word_1_440' title='bbox 1077 3979 1159 4040; x_wconf 82' lang='lat' dir='ltr'><strong>unxit,</strong></span> <span class='ocrx_word' id='word_1_441' title='bbox 1178 3980 1285 4042; x_wconf 75' lang='lat' dir='ltr'><strong>illaeque</strong></span> 
     </span>
     <span class='ocr_line' id='line_1_44' title="bbox 195 4051 1285 4117; baseline 0.002 -15"><span class='ocrx_word' id='word_1_442' title='bbox 195 4054 382 4115; x_wconf 65' lang='lat' dir='ltr'><strong>omittemus,</strong></span> <span class='ocrx_word' id='word_1_443' title='bbox 401 4055 497 4103; x_wconf 83' lang='lat' dir='ltr'><strong>recenti</strong></span> <span class='ocrx_word' id='word_1_444' title='bbox 516 4066 590 4100; x_wconf 80' lang='lat' dir='ltr'><strong>ceseo</strong></span> <span class='ocrx_word' id='word_1_445' title='bbox 608 4054 721 4102; x_wconf 82' lang='lat' dir='ltr'><strong>delecta·</strong></span> <span class='ocrx_word' id='word_1_446' title='bbox 760 4054 792 4102; x_wconf 77' lang='lat' dir='ltr'><strong>ab</strong></span> <span class='ocrx_word' id='word_1_447' title='bbox 815 4051 934 4116; x_wconf 74' lang='lat' dir='ltr'><strong>Augusto</strong></span> <span class='ocrx_word' id='word_1_448' title='bbox 960 4054 1135 4117; x_wconf 82' lang='lat' dir='ltr'><strong>decerpendus</strong></span> <span class='ocrx_word' id='word_1_449' title='bbox 1157 4055 1285 4106; x_wconf 77' lang='lat' dir='ltr'><strong>illecebris</strong></span> 
     </span>
     <span class='ocr_line' id='line_1_45' title="bbox 194 4128 1286 4194; baseline 0.011 -22"><span class='ocrx_word' id='word_1_450' title='bbox 194 4137 257 4176; x_wconf 88' lang='lat' dir='ltr'><strong>rum.</strong></span> <span class='ocrx_word' id='word_1_451' title='bbox 297 4129 378 4178; x_wconf 88' lang='lat' dir='ltr'><strong>Certe</strong></span> <span class='ocrx_word' id='word_1_452' title='bbox 399 4130 437 4178; x_wconf 82' lang='lat' dir='ltr'><strong>sic</strong></span> <span class='ocrx_word' id='word_1_453' title='bbox 460 4128 590 4176; x_wconf 78' lang='lat' dir='ltr'><strong>stomacho</strong></span> <span class='ocrx_word' id='word_1_454' title='bbox 607 4128 721 4176; x_wconf 88' lang='lat' dir='ltr'><strong>creditur</strong></span> <span class='ocrx_word' id='word_1_455' title='bbox 760 4139 788 4179; x_wconf 88' lang='lat' dir='ltr'><strong>et</strong></span> <span class='ocrx_word' id='word_1_456' title='bbox 799 4132 895 4179; x_wconf 76' lang='lat' dir='ltr'><strong>astutis</strong></span> <span class='ocrx_word' id='word_1_457' title='bbox 906 4131 1024 4181; x_wconf 82' lang='lat' dir='ltr'><strong>muliebri</strong></span> <span class='ocrx_word' id='word_1_458' title='bbox 1040 4133 1155 4194; x_wconf 66' lang='lat' dir='ltr'><strong>curavitr</strong></span> <span class='ocrx_word' id='word_1_459' title='bbox 1172 4147 1286 4184; x_wconf 86' lang='lat' dir='ltr'><strong>nonme-</strong></span> 
     </span>
     <span class='ocr_line' id='line_1_46' title="bbox 195 4203 1284 4274; baseline 0.011 -25"><span class='ocrx_word' id='word_1_460' title='bbox 195 4203 288 4252; x_wconf 89' lang='lat' dir='ltr'><strong>utilior.</strong></span> <span class='ocrx_word' id='word_1_461' title='bbox 760 4205 869 4268; x_wconf 77' lang='lat' dir='ltr'><strong>dientes,</strong></span> <span class='ocrx_word' id='word_1_462' title='bbox 880 4221 944 4270; x_wconf 76' lang='lat' dir='ltr'><strong>qum</strong></span> <span class='ocrx_word' id='word_1_463' title='bbox 955 4215 1040 4264; x_wconf 81' lang='lat' dir='ltr'><strong>noret,</strong></span> <span class='ocrx_word' id='word_1_464' title='bbox 1056 4223 1114 4258; x_wconf 88' lang='lat' dir='ltr'><strong>cum</strong></span> <span class='ocrx_word' id='word_1_465' title='bbox 1126 4211 1182 4274; x_wconf 79' lang='lat' dir='ltr'><strong>ipse</strong></span> <span class='ocrx_word' id='word_1_466' title='bbox 1193 4211 1284 4261; x_wconf 83' lang='lat' dir='ltr'><strong>decer-</strong></span> 
     </span>
     <span class='ocr_line' id='line_1_47' title="bbox 225 4276 1124 4344; baseline 0.007 -14"><span class='ocrx_word' id='word_1_467' title='bbox 225 4277 364 4341; x_wconf 79' lang='lat' dir='ltr'><strong>&#39;Biseror1</strong></span> <span class='ocrx_word' id='word_1_468' title='bbox 388 4278 504 4330; x_wconf 79' lang='lat' dir='ltr'><strong>Biterum</strong></span> <span class='ocrx_word' id='word_1_469' title='bbox 521 4280 637 4343; x_wconf 79' lang='lat' dir='ltr'><strong>supellet</strong></span> <span class='ocrx_word' id='word_1_470' title='bbox 653 4276 721 4330; x_wconf 83' lang='lat' dir='ltr'><strong>fruc·</strong></span> <span class='ocrx_word' id='word_1_471' title='bbox 759 4290 835 4344; x_wconf 81' lang='lat' dir='ltr'><strong>peret</strong></span> <span class='ocrx_word' id='word_1_472' title='bbox 847 4291 875 4333; x_wconf 89' lang='lat' dir='ltr'><strong>et</strong></span> <span class='ocrx_word' id='word_1_473' title='bbox 887 4297 937 4333; x_wconf 78' lang='lat' dir='ltr'><strong>uus</strong></span> <span class='ocrx_word' id='word_1_474' title='bbox 949 4286 1124 4336; x_wconf 78' lang='lat' dir='ltr'><strong>menduceret.</strong></span> 
     </span>
    </p>
   </div>
   <div class='ocr_carea' id='block_1_7' title="bbox 0 0 1608 4918">
    <p class='ocr_par' dir='ltr' id='par_1_7' title="bbox 0 0 1608 4918">
     <span class='ocr_line' id='line_1_48' title="bbox 0 0 1608 4918; baseline 0 3"><span class='ocrx_word' id='word_1_475' title='bbox 0 0 1608 4918; x_wconf 95' lang='lat' dir='ltr'><strong> </strong></span> 
     </span>
    </p>
   </div>
  </div>
 </body>
</html>
