<?xml version="1.0" encoding="UTF-8"?>
<!DOCTYPE html PUBLIC "-//W3C//DTD XHTML 1.0 Transitional//EN"
    "http://www.w3.org/TR/xhtml1/DTD/xhtml1-transitional.dtd">
<html xmlns="http://www.w3.org/1999/xhtml" xml:lang="en" lang="en">
 <head>
  <title>
</title>
<meta http-equiv="Content-Type" content="text/html;charset=utf-8" />
  <meta name='ocr-system' content='tesseract 3.04.00' />
  <meta name='ocr-capabilities' content='ocr_page ocr_carea ocr_par ocr_line ocrx_word'/>
</head>
<body>
  <div class='ocr_page' id='page_1' title='image "./operaomniaexedi02suetgoog_0584.png"; bbox 0 0 3228 4914; ppageno 0'>
   <div class='ocr_carea' id='block_1_1' title="bbox 690 395 1320 458">
    <p class='ocr_par' dir='ltr' id='par_1_1' title="bbox 690 395 1320 458">
     <span class='ocr_line' id='line_1_1' title="bbox 690 395 1320 458; baseline 0.008 -5"><span class='ocrx_word' id='word_1_1' title='bbox 690 407 882 457; x_wconf 81' lang='lat' dir='ltr'><strong>muamus.</strong></span> <span class='ocrx_word' id='word_1_2' title='bbox 1257 395 1320 458; x_wconf 72' lang='lat'><strong>521</strong></span> 
     </span>
    </p>
   </div>
   <div class='ocr_carea' id='block_1_2' title="bbox 235 549 1341 1138">
    <p class='ocr_par' dir='ltr' id='par_1_2' title="bbox 235 549 1341 1138">
     <span class='ocr_line' id='line_1_2' title="bbox 236 549 1322 635; baseline 0 -21"><span class='ocrx_word' id='word_1_3' title='bbox 236 569 304 614; x_wconf 89' lang='lat' dir='ltr'><strong>non</strong></span> <span class='ocrx_word' id='word_1_4' title='bbox 335 551 458 615; x_wconf 66' lang='lat' dir='ltr'><strong>animi!</strong></span> <span class='ocrx_word' id='word_1_5' title='bbox 501 549 705 615; x_wconf 79' lang='lat' dir='ltr'><strong>valetudine</strong></span> <span class='ocrx_word' id='word_1_6' title='bbox 726 552 949 634; x_wconf 87' lang='lat' dir='ltr'><strong>prosperrima</strong></span> <span class='ocrx_word' id='word_1_7' title='bbox 974 569 1057 616; x_wconf 84' lang='lat' dir='ltr'><strong>usus</strong></span> <span class='ocrx_word' id='word_1_8' title='bbox 1086 557 1150 629; x_wconf 86' lang='lat' dir='ltr'><strong>est,</strong></span> <span class='ocrx_word' id='word_1_9' title='bbox 1177 555 1322 635; x_wconf 89' lang='lat' dir='ltr'><strong>tempore</strong></span> 
     </span>
     <span class='ocr_line' id='line_1_3' title="bbox 236 651 1341 736; baseline 0.002 -22"><span class='ocrx_word' id='word_1_10' title='bbox 236 651 370 734; x_wconf 87' lang='lat' dir='ltr'><strong>quidem</strong></span> <span class='ocrx_word' id='word_1_11' title='bbox 392 653 598 734; x_wconf 82' lang='lat' dir='ltr'><strong>principatus</strong></span> <span class='ocrx_word' id='word_1_12' title='bbox 621 671 719 735; x_wconf 82' lang='lat' dir='ltr'><strong>paene</strong></span> <span class='ocrx_word' id='word_1_13' title='bbox 740 657 809 716; x_wconf 92' lang='lat' dir='ltr'><strong>toto</strong></span> <span class='ocrx_word' id='word_1_14' title='bbox 831 671 934 736; x_wconf 83' lang='lat' dir='ltr'><strong>prope</strong></span> <span class='ocrx_word' id='word_1_15' title='bbox 956 652 1084 733; x_wconf 85' lang='lat' dir='ltr'><strong>illeesa;</strong></span> <span class='ocrx_word' id='word_1_16' title='bbox 1106 654 1258 736; x_wconf 86' lang='lat' dir='ltr'><strong>quamvis</strong></span> <span class='ocrx_word' id='word_1_17' title='bbox 1280 659 1341 716; x_wconf 71' lang='grc' dir='ltr'><strong>α’-</strong></span> 
     </span>
     <span class='ocr_line' id='line_1_4' title="bbox 235 749 1324 838; baseline -0.001 -20"><span class='ocrx_word' id='word_1_18' title='bbox 235 749 403 818; x_wconf 81' lang='lat' dir='ltr'><strong>tricesimo</strong></span> <span class='ocrx_word' id='word_1_19' title='bbox 417 753 529 816; x_wconf 81' lang='lat' dir='ltr'><strong>estatis</strong></span> <span class='ocrx_word' id='word_1_20' title='bbox 544 771 631 818; x_wconf 91' lang='lat' dir='ltr'><strong>anno</strong></span> <span class='ocrx_word' id='word_1_21' title='bbox 646 754 806 818; x_wconf 85' lang='lat' dir='ltr'><strong>arbitratu</strong></span> <span class='ocrx_word' id='word_1_22' title='bbox 821 771 894 818; x_wconf 92' lang='lat' dir='ltr'><strong>eam</strong></span> <span class='ocrx_word' id='word_1_23' title='bbox 909 771 972 819; x_wconf 88' lang='lat' dir='ltr'><strong>suo</strong></span> <span class='ocrx_word' id='word_1_24' title='bbox 994 754 1126 831; x_wconf 85' lang='lat' dir='ltr'><strong>texerit,</strong></span> <span class='ocrx_word' id='word_1_25' title='bbox 1146 755 1217 818; x_wconf 89' lang='lat' dir='ltr'><strong>sine</strong></span> <span class='ocrx_word' id='word_1_26' title='bbox 1230 752 1324 838; x_wconf 86' lang='lat' dir='ltr'><strong>adju·</strong></span> 
     </span>
     <span class='ocr_line' id='line_1_5' title="bbox 235 853 1322 939; baseline 0 -23"><span class='ocrx_word' id='word_1_27' title='bbox 235 857 343 918; x_wconf 88' lang='lat' dir='ltr'><strong>mento</strong></span> <span class='ocrx_word' id='word_1_28' title='bbox 353 859 367 888; x_wconf 83' lang='lat'><em>²</em></span> <span class='ocrx_word' id='word_1_29' title='bbox 381 853 564 918; x_wconf 83' lang='lat' dir='ltr'><strong>consiliove</strong></span> <span class='ocrx_word' id='word_1_30' title='bbox 578 855 793 919; x_wconf 86' lang='lat' dir='ltr'><strong>medioomm.</strong></span> <span class='ocrx_word' id='word_1_31' title='bbox 836 854 919 939; x_wconf 88' lang='lat' dir='ltr'><strong>[d9.]</strong></span> <span class='ocrx_word' id='word_1_32' title='bbox 942 854 1061 920; x_wconf 79' lang='lat' dir='ltr'><strong>Girca³</strong></span> <span class='ocrx_word' id='word_1_33' title='bbox 1082 857 1174 920; x_wconf 88' lang='lat' dir='ltr'><strong>Dece</strong></span> <span class='ocrx_word' id='word_1_34' title='bbox 1190 873 1230 920; x_wconf 90' lang='lat' dir='ltr'><strong>ec</strong></span> <span class='ocrx_word' id='word_1_35' title='bbox 1246 853 1322 919; x_wconf 89' lang='lat' dir='ltr'><strong>reli·</strong></span> 
     </span>
     <span class='ocr_line' id='line_1_6' title="bbox 235 952 1324 1038; baseline 0.002 -22"><span class='ocrx_word' id='word_1_36' title='bbox 235 953 348 1035; x_wconf 81' lang='lat' dir='ltr'><strong>ginnas</strong></span> <span class='ocrx_word' id='word_1_37' title='bbox 363 953 598 1034; x_wconf 83' lang='lat' dir='ltr'><strong>negligentior;</strong></span> <span class='ocrx_word' id='word_1_38' title='bbox 618 954 748 1038; x_wconf 87' lang='lat' dir='ltr'><strong>qnippe</strong></span> <span class='ocrx_word' id='word_1_39' title='bbox 757 952 911 1020; x_wconf 87' lang='lat' dir='ltr'><strong>addictus</strong></span> <span class='ocrx_word' id='word_1_40' title='bbox 921 955 1177 1031; x_wconf 74' lang='lat' dir='ltr'><strong>matbematicoe,</strong></span> <span class='ocrx_word' id='word_1_41' title='bbox 1188 955 1324 1037; x_wconf 87' lang='lat' dir='ltr'><strong>plenus·</strong></span> 
     </span>
     <span class='ocr_line' id='line_1_7' title="bbox 236 1053 1324 1138; baseline 0.002 -20"><span class='ocrx_word' id='word_1_42' title='bbox 236 1072 301 1137; x_wconf 87' lang='lat' dir='ltr'><strong>que</strong></span> <span class='ocrx_word' id='word_1_43' title='bbox 320 1053 562 1138; x_wconf 76' lang='lat' dir='ltr'><strong>persuasionis,</strong></span> <span class='ocrx_word' id='word_1_44' title='bbox 583 1061 703 1120; x_wconf 86' lang='lat' dir='ltr'><strong>cuncta</strong></span> <span class='ocrx_word' id='word_1_45' title='bbox 723 1054 817 1120; x_wconf 84' lang='lat' dir='ltr'><strong>intoq</strong></span> <span class='ocrx_word' id='word_1_46' title='bbox 833 1054 899 1136; x_wconf 79' lang='lat' dir='ltr'><strong>agi.</strong></span> <span class='ocrx_word' id='word_1_47' title='bbox 941 1055 1103 1122; x_wconf 89' lang='lat' dir='ltr'><strong>Tonitma</strong></span> <span class='ocrx_word' id='word_1_48' title='bbox 1116 1062 1224 1120; x_wconf 91' lang='lat' dir='ltr'><strong>tamen</strong></span> <span class='ocrx_word' id='word_1_49' title='bbox 1238 1073 1324 1138; x_wconf 74' lang='lat' dir='ltr'><strong>prm·</strong></span> 
     </span>
    </p>
   </div>
   <div class='ocr_carea' id='block_1_3' title="bbox 236 1155 1418 1239">
    <p class='ocr_par' dir='ltr' id='par_1_3' title="bbox 236 1155 1418 1239">
     <span class='ocr_line' id='line_1_8' title="bbox 236 1155 1418 1239; baseline 0.005 -21"><span class='ocrx_word' id='word_1_50' title='bbox 236 1161 285 1219; x_wconf 90' lang='lat' dir='ltr'><strong>ter</strong></span> <span class='ocrx_word' id='word_1_51' title='bbox 312 1155 471 1220; x_wconf 78' lang='lat' dir='ltr'><strong>modum⁴</strong></span> <span class='ocrx_word' id='word_1_52' title='bbox 491 1156 758 1239; x_wconf 81' lang='lat' dir='ltr'><strong>expavescebat:</strong></span> <span class='ocrx_word' id='word_1_53' title='bbox 785 1163 819 1220; x_wconf 90' lang='lat' dir='ltr'><strong>et</strong></span> <span class='ocrx_word' id='word_1_54' title='bbox 840 1157 1021 1222; x_wconf 76' lang='lat' dir='ltr'><strong>turbatiore</strong></span> <span class='ocrx_word' id='word_1_55' title='bbox 1043 1157 1132 1220; x_wconf 92' lang='lat' dir='ltr'><strong>coelo</strong></span> <span class='ocrx_word' id='word_1_56' title='bbox 1156 1174 1323 1239; x_wconf 86' lang='lat' dir='ltr'><strong>nunquam</strong></span> <span class='ocrx_word' id='word_1_57' title='bbox 1414 1217 1418 1224; x_wconf 88' lang='lat'><strong>.</strong></span> 
     </span>
    </p>
   </div>
   <div class='ocr_carea' id='block_1_4' title="bbox 234 1255 1328 2046">
    <p class='ocr_par' dir='ltr' id='par_1_4' title="bbox 234 1255 1328 2046">
     <span class='ocr_line' id='line_1_9' title="bbox 234 1255 1324 1342; baseline 0 -23"><span class='ocrx_word' id='word_1_58' title='bbox 234 1274 301 1320; x_wconf 92' lang='lat' dir='ltr'><strong>non</strong></span> <span class='ocrx_word' id='word_1_59' title='bbox 314 1275 470 1322; x_wconf 88' lang='lat' dir='ltr'><strong>coronam</strong></span> <span class='ocrx_word' id='word_1_60' title='bbox 487 1255 656 1322; x_wconf 68' lang='lat' dir='ltr'><strong>lauream*</strong></span> <span class='ocrx_word' id='word_1_61' title='bbox 671 1258 784 1340; x_wconf 86' lang='lat' dir='ltr'><strong>capite</strong></span> <span class='ocrx_word' id='word_1_62' title='bbox 799 1259 953 1340; x_wconf 82' lang='lat' dir='ltr'><strong>gestavit,</strong></span> <span class='ocrx_word' id='word_1_63' title='bbox 969 1256 1057 1342; x_wconf 91' lang='lat' dir='ltr'><strong>quod</strong></span> <span class='ocrx_word' id='word_1_64' title='bbox 1069 1257 1205 1322; x_wconf 85' lang='lat' dir='ltr'><strong>fulmine</strong></span> <span class='ocrx_word' id='word_1_65' title='bbox 1220 1255 1324 1320; x_wconf 86' lang='lat' dir='ltr'><strong>afflati</strong></span> 
     </span>
     <span class='ocr_line' id='line_1_10' title="bbox 234 1355 1325 1440; baseline -0.001 -20"><span class='ocrx_word' id='word_1_66' title='bbox 234 1361 371 1437; x_wconf 84' lang='lat' dir='ltr'><strong>negetur</strong></span> <span class='ocrx_word' id='word_1_67' title='bbox 392 1355 428 1420; x_wconf 90' lang='lat' dir='ltr'><strong>id</strong></span> <span class='ocrx_word' id='word_1_68' title='bbox 450 1375 554 1438; x_wconf 81' lang='lat' dir='ltr'><strong>genus</strong></span> <span class='ocrx_word' id='word_1_69' title='bbox 576 1356 713 1422; x_wconf 81' lang='lat' dir='ltr'><strong>frondis.</strong></span> <span class='ocrx_word' id='word_1_70' title='bbox 756 1356 838 1440; x_wconf 73' lang='lat' dir='ltr'><strong>[tn]</strong></span> <span class='ocrx_word' id='word_1_71' title='bbox 859 1357 960 1422; x_wconf 84' lang='lat' dir='ltr'><strong>Artes</strong></span> <span class='ocrx_word' id='word_1_72' title='bbox 980 1358 1138 1423; x_wconf 85' lang='lat' dir='ltr'><strong>liberales</strong></span> <span class='ocrx_word' id='word_1_73' title='bbox 1152 1357 1325 1438; x_wconf 85' lang='lat' dir='ltr'><strong>utriusque</strong></span> 
     </span>
     <span class='ocr_line' id='line_1_11' title="bbox 235 1456 1325 1538; baseline 0 -18"><span class='ocrx_word' id='word_1_74' title='bbox 235 1457 365 1538; x_wconf 87' lang='lat' dir='ltr'><strong>generis</strong></span> <span class='ocrx_word' id='word_1_75' title='bbox 385 1456 630 1522; x_wconf 85' lang='lat' dir='ltr'><strong>studiosissime</strong></span> <span class='ocrx_word' id='word_1_76' title='bbox 652 1459 763 1524; x_wconf 91' lang='lat' dir='ltr'><strong>coluit.</strong></span> <span class='ocrx_word' id='word_1_77' title='bbox 807 1457 849 1524; x_wconf 92' lang='lat' dir='ltr'><strong>In</strong></span> <span class='ocrx_word' id='word_1_78' title='bbox 871 1460 1023 1524; x_wconf 87' lang='lat' dir='ltr'><strong>oratione</strong></span> <span class='ocrx_word' id='word_1_79' title='bbox 1047 1459 1165 1524; x_wconf 85' lang='lat' dir='ltr'><strong>Latine</strong></span> <span class='ocrx_word' id='word_1_80' title='bbox 1186 1465 1325 1524; x_wconf 84' lang='lat' dir='ltr'><strong>secutus</strong></span> 
     </span>
     <span class='ocr_line' id='line_1_12' title="bbox 236 1557 1327 1643; baseline 0.001 -21"><span class='ocrx_word' id='word_1_81' title='bbox 236 1563 289 1622; x_wconf 86' lang='lat' dir='ltr'><strong>est</strong></span> <span class='ocrx_word' id='word_1_82' title='bbox 303 1557 481 1622; x_wconf 83' lang='lat' dir='ltr'><strong>Corvinum</strong></span> <span class='ocrx_word' id='word_1_83' title='bbox 498 1558 706 1637; x_wconf 70' lang='lat' dir='ltr'><strong>Messalam:</strong></span> <span class='ocrx_word' id='word_1_84' title='bbox 718 1579 814 1643; x_wconf 86' lang='lat' dir='ltr'><strong>quern</strong></span> <span class='ocrx_word' id='word_1_85' title='bbox 830 1580 944 1626; x_wconf 83' lang='lat' dir='ltr'><strong>senem</strong></span> <span class='ocrx_word' id='word_1_86' title='bbox 958 1561 1150 1626; x_wconf 79' lang='lat' dir='ltr'><strong>adolescens</strong></span> <span class='ocrx_word' id='word_1_87' title='bbox 1168 1562 1327 1626; x_wconf 87' lang='lat' dir='ltr'><strong>observa·</strong></span> 
     </span>
     <span class='ocr_line' id='line_1_13' title="bbox 235 1659 1326 1727; baseline 0.004 -7"><span class='ocrx_word' id='word_1_88' title='bbox 235 1665 351 1724; x_wconf 82' lang='lat' dir='ltr'><strong>verat-⁵</strong></span> <span class='ocrx_word' id='word_1_89' title='bbox 395 1659 464 1724; x_wconf 89' lang='lat' dir='ltr'><strong>Sed</strong></span> <span class='ocrx_word' id='word_1_90' title='bbox 483 1659 710 1726; x_wconf 72' lang='lat' dir='ltr'><strong>adfectationet</strong></span> <span class='ocrx_word' id='word_1_91' title='bbox 731 1669 764 1727; x_wconf 90' lang='lat' dir='ltr'><strong>et</strong></span> <span class='ocrx_word' id='word_1_92' title='bbox 783 1664 978 1727; x_wconf 80' lang='lat' dir='ltr'><strong>morositate</strong></span> <span class='ocrx_word' id='word_1_93' title='bbox 1000 1663 1102 1727; x_wconf 86' lang='lat' dir='ltr'><strong>nimie</strong></span> <span class='ocrx_word' id='word_1_94' title='bbox 1123 1660 1326 1726; x_wconf 81' lang='lat' dir='ltr'><strong>obscurabat</strong></span> 
     </span>
     <span class='ocr_line' id='line_1_14' title="bbox 236 1760 1327 1848; baseline 0.003 -26"><span class='ocrx_word' id='word_1_95' title='bbox 236 1760 379 1843; x_wconf 76' lang='lat' dir='ltr'><strong>stylum:</strong></span> <span class='ocrx_word' id='word_1_96' title='bbox 393 1765 429 1824; x_wconf 92' lang='lat' dir='ltr'><strong>nt</strong></span> <span class='ocrx_word' id='word_1_97' title='bbox 445 1761 616 1844; x_wconf 79' lang='lat' dir='ltr'><strong>aliquanto</strong></span> <span class='ocrx_word' id='word_1_98' title='bbox 631 1781 676 1826; x_wconf 82' lang='lat' dir='ltr'><strong>cx</strong></span> <span class='ocrx_word' id='word_1_99' title='bbox 692 1769 850 1845; x_wconf 90' lang='lat' dir='ltr'><strong>tempore,</strong></span> <span class='ocrx_word' id='word_1_100' title='bbox 861 1783 962 1848; x_wconf 87' lang='lat' dir='ltr'><strong>quam</strong></span> <span class='ocrx_word' id='word_1_101' title='bbox 978 1782 999 1828; x_wconf 86' lang='lat' dir='ltr'><strong>a</strong></span> <span class='ocrx_word' id='word_1_102' title='bbox 1013 1783 1104 1841; x_wconf 86' lang='lat' dir='ltr'><strong>cura,</strong></span> <span class='ocrx_word' id='word_1_103' title='bbox 1116 1761 1327 1846; x_wconf 85' lang='lat' dir='ltr'><strong>praestantior</strong></span> 
     </span>
     <span class='ocr_line' id='line_1_15' title="bbox 236 1859 1327 1950; baseline 0.005 -28"><span class='ocrx_word' id='word_1_104' title='bbox 236 1859 421 1925; x_wconf 85' lang='lat' dir='ltr'><strong>baberetur.</strong></span> <span class='ocrx_word' id='word_1_105' title='bbox 466 1861 666 1945; x_wconf 85' lang='lat' dir='ltr'><strong>Composuit</strong></span> <span class='ocrx_word' id='word_1_106' title='bbox 686 1869 719 1928; x_wconf 88' lang='lat' dir='ltr'><strong>et</strong></span> <span class='ocrx_word' id='word_1_107' title='bbox 738 1884 874 1929; x_wconf 88' lang='lat' dir='ltr'><strong>carmen</strong></span> <span class='ocrx_word' id='word_1_108' title='bbox 897 1866 1048 1950; x_wconf 87' lang='lat' dir='ltr'><strong>lyricum,</strong></span> <span class='ocrx_word' id='word_1_109' title='bbox 1070 1864 1167 1947; x_wconf 88' lang='lat' dir='ltr'><strong>cujus</strong></span> <span class='ocrx_word' id='word_1_110' title='bbox 1181 1872 1235 1929; x_wconf 84' lang='lat' dir='ltr'><strong>est</strong></span> <span class='ocrx_word' id='word_1_111' title='bbox 1248 1864 1327 1928; x_wconf 89' lang='lat' dir='ltr'><strong>titu-</strong></span> 
     </span>
     <span class='ocr_line' id='line_1_16' title="bbox 235 1959 1328 2046; baseline 0.005 -22"><span class='ocrx_word' id='word_1_112' title='bbox 235 1959 309 2024; x_wconf 82' lang='lat' dir='ltr'><strong>lust</strong></span> <span class='ocrx_word' id='word_1_113' title='bbox 331 1969 341 1997; x_wconf 88' lang='lat'>‘</span> <span class='ocrx_word' id='word_1_114' title='bbox 357 1961 588 2046; x_wconf 81' lang='lat' dir='ltr'><strong>Conquestio⁶</strong></span> <span class='ocrx_word' id='word_1_115' title='bbox 601 1963 641 2028; x_wconf 90' lang='lat' dir='ltr'><strong>do</strong></span> <span class='ocrx_word' id='word_1_116' title='bbox 656 1963 696 2027; x_wconf 88' lang='lat' dir='ltr'><strong>L.</strong></span> <span class='ocrx_word' id='word_1_117' title='bbox 709 1963 881 2030; x_wconf 73' lang='lat' dir='ltr'><strong>Caesarisu</strong></span> <span class='ocrx_word' id='word_1_118' title='bbox 895 1966 1024 2030; x_wconf 64' lang='lat' dir='ltr'><strong>morte?</strong></span> <span class='ocrx_word' id='word_1_119' title='bbox 1069 1965 1164 2030; x_wconf 88' lang='lat' dir='ltr'><strong>Fecit</strong></span> <span class='ocrx_word' id='word_1_120' title='bbox 1184 1971 1217 2030; x_wconf 90' lang='lat' dir='ltr'><strong>et</strong></span> <span class='ocrx_word' id='word_1_121' title='bbox 1231 1964 1328 2030; x_wconf 79' lang='lat' dir='ltr'><strong>Gre-</strong></span> 
     </span>
    </p>
   </div>
   <div class='ocr_carea' id='block_1_5' title="bbox 692 2157 870 2182">
    <p class='ocr_par' dir='ltr' id='par_1_5' title="bbox 692 2157 870 2182">
     <span class='ocr_line' id='line_1_17' title="bbox 692 2157 870 2182; baseline 0.011 -3"><span class='ocrx_word' id='word_1_122' title='bbox 692 2157 870 2182; x_wconf 60' lang='grc' dir='ltr'><strong>ΟΜΝ,</strong></span> 
     </span>
    </p>
   </div>
   <div class='ocr_carea' id='block_1_6' title="bbox 233 2283 1395 3117">
    <p class='ocr_par' dir='ltr' id='par_1_6' title="bbox 233 2283 1395 3117">
     <span class='ocr_line' id='line_1_18' title="bbox 234 2283 1329 2416; baseline 0.004 -17"><span class='ocrx_word' id='word_1_123' title='bbox 234 2299 306 2399; x_wconf 68' lang='lat' dir='ltr'><strong>ill?</strong></span> <span class='ocrx_word' id='word_1_124' title='bbox 313 2283 1329 2416; x_wconf 51' lang='lat' dir='ltr'><strong>tradititiis?titt‘tt‘tt&#39;tmti¹ltt.‘.t.·.”¹ti².⁰.·.tt</strong></span> 
     </span>
     <span class='ocr_line' id='line_1_19' title="bbox 236 2414 1327 2482; baseline 0.004 -20"><span class='ocrx_word' id='word_1_125' title='bbox 236 2429 288 2463; x_wconf 78' lang='lat' dir='ltr'><strong>enm</strong></span> <span class='ocrx_word' id='word_1_126' title='bbox 299 2415 384 2463; x_wconf 85' lang='lat' dir='ltr'><strong>Petis.</strong></span> <span class='ocrx_word' id='word_1_127' title='bbox 403 2414 518 2464; x_wconf 84' lang='lat' dir='ltr'><strong>Herleur.</strong></span> <span class='ocrx_word' id='word_1_128' title='bbox 536 2429 587 2464; x_wconf 81' lang='lat' dir='ltr'><strong>ema</strong></span> <span class='ocrx_word' id='word_1_129' title='bbox 597 2416 647 2465; x_wconf 81' lang='lat' dir='ltr'><strong>urb.</strong></span> <span class='ocrx_word' id='word_1_130' title='bbox 661 2415 739 2467; x_wconf 78' lang='lat' dir='ltr'><strong>utun.</strong></span> <span class='ocrx_word' id='word_1_131' title='bbox 750 2421 825 2467; x_wconf 69' lang='lat'><strong>2.-2</strong></span> <span class='ocrx_word' id='word_1_132' title='bbox 840 2419 941 2467; x_wconf 75' lang='lat' dir='ltr'><strong>sextae</strong></span> <span class='ocrx_word' id='word_1_133' title='bbox 951 2417 1036 2468; x_wconf 84' lang='lat' dir='ltr'><strong>Petis.</strong></span> <span class='ocrx_word' id='word_1_134' title='bbox 1050 2431 1066 2466; x_wconf 81' lang='lat' dir='ltr'><strong>a</strong></span> <span class='ocrx_word' id='word_1_135' title='bbox 1081 2432 1114 2467; x_wconf 86' lang='lat' dir='ltr'><strong>nr.</strong></span> <span class='ocrx_word' id='word_1_136' title='bbox 1129 2433 1168 2482; x_wconf 91' lang='lat' dir='ltr'><strong>pr.</strong></span> <span class='ocrx_word' id='word_1_137' title='bbox 1184 2417 1327 2481; x_wconf 75' lang='lat' dir='ltr'><strong>masilicqee</strong></span> 
     </span>
     <span class='ocr_line' id='line_1_20' title="bbox 237 2476 1328 2545; baseline 0.005 -19"><span class='ocrx_word' id='word_1_138' title='bbox 237 2476 335 2527; x_wconf 87' lang='lat' dir='ltr'><strong>Medic.</strong></span> <span class='ocrx_word' id='word_1_139' title='bbox 346 2483 370 2528; x_wconf 90' lang='lat'><strong>1.</strong></span> <span class='ocrx_word' id='word_1_140' title='bbox 382 2477 495 2541; x_wconf 74' lang='lat' dir='ltr'><strong>Cep-t</strong></span> <span class='ocrx_word' id='word_1_141' title='bbox 513 2479 584 2528; x_wconf 77' lang='lat' dir='ltr'><strong>Circe</strong></span> <span class='ocrx_word' id='word_1_142' title='bbox 600 2485 623 2528; x_wconf 86' lang='lat' dir='ltr'><strong>et</strong></span> <span class='ocrx_word' id='word_1_143' title='bbox 643 2482 698 2530; x_wconf 84' lang='lat' dir='ltr'><strong>dene</strong></span> <span class='ocrx_word' id='word_1_144' title='bbox 715 2479 795 2530; x_wconf 81' lang='lat' dir='ltr'><strong>vind.</strong></span> <span class='ocrx_word' id='word_1_145' title='bbox 808 2485 831 2528; x_wconf 90' lang='lat'><strong>1.</strong></span> <span class='ocrx_word' id='word_1_146' title='bbox 841 2489 865 2530; x_wconf 81' lang='lat' dir='ltr'><strong>et</strong></span> <span class='ocrx_word' id='word_1_147' title='bbox 874 2483 917 2532; x_wconf 80' lang='lat' dir='ltr'><strong>rel.</strong></span> <span class='ocrx_word' id='word_1_148' title='bbox 928 2481 994 2530; x_wconf 84' lang='lat' dir='ltr'><strong>Edd.</strong></span> <span class='ocrx_word' id='word_1_149' title='bbox 1006 2483 1080 2532; x_wconf 87' lang='lat' dir='ltr'><strong>Rom.</strong></span> <span class='ocrx_word' id='word_1_150' title='bbox 1096 2481 1275 2545; x_wconf 76' lang='lat' dir='ltr'><strong>pemseioaitq.</strong></span> <span class='ocrx_word' id='word_1_151' title='bbox 1294 2484 1328 2544; x_wconf 84' lang='lat' dir='ltr'><strong>pt.</strong></span> 
     </span>
     <span class='ocr_line' id='line_1_21' title="bbox 237 2543 1326 2608; baseline 0.004 -16"><span class='ocrx_word' id='word_1_152' title='bbox 237 2543 303 2592; x_wconf 84' lang='lat' dir='ltr'><strong>Edd.</strong></span> <span class='ocrx_word' id='word_1_153' title='bbox 316 2543 376 2590; x_wconf 81' lang='lat' dir='ltr'><strong>Bm.</strong></span> <span class='ocrx_word' id='word_1_154' title='bbox 388 2550 415 2590; x_wconf 91' lang='lat' dir='ltr'><strong>et</strong></span> <span class='ocrx_word' id='word_1_155' title='bbox 427 2555 497 2606; x_wconf 88' lang='lat' dir='ltr'><strong>seqq.</strong></span> <span class='ocrx_word' id='word_1_156' title='bbox 509 2551 600 2594; x_wconf 84' lang='lat' dir='ltr'><strong>contre</strong></span> <span class='ocrx_word' id='word_1_157' title='bbox 612 2544 677 2594; x_wconf 81' lang='lat' dir='ltr'><strong>Met.</strong></span> <span class='ocrx_word' id='word_1_158' title='bbox 689 2545 723 2595; x_wconf 85' lang='lat'><strong>0.</strong></span> <span class='ocrx_word' id='word_1_159' title='bbox 758 2545 790 2594; x_wconf 90' lang='lat' dir='ltr'><strong>In</strong></span> <span class='ocrx_word' id='word_1_160' title='bbox 802 2544 851 2595; x_wconf 91' lang='lat' dir='ltr'><strong>Ed.</strong></span> <span class='ocrx_word' id='word_1_161' title='bbox 862 2546 923 2595; x_wconf 90' lang='lat' dir='ltr'><strong>Vet.</strong></span> <span class='ocrx_word' id='word_1_162' title='bbox 940 2553 1009 2596; x_wconf 89' lang='lat' dir='ltr'><strong>teste</strong></span> <span class='ocrx_word' id='word_1_163' title='bbox 1025 2545 1107 2595; x_wconf 76' lang='lat' dir='ltr'><strong>Both.</strong></span> <span class='ocrx_word' id='word_1_164' title='bbox 1123 2547 1206 2608; x_wconf 71' lang='lat' dir='ltr'><strong>qnippe</strong></span> <span class='ocrx_word' id='word_1_165' title='bbox 1216 2547 1326 2596; x_wconf 67' lang='lat' dir='ltr'><strong>metten.</strong></span> 
     </span>
     <span class='ocr_line' id='line_1_22' title="bbox 233 2607 1329 2673; baseline 0.005 -20"><span class='ocrx_word' id='word_1_166' title='bbox 233 2621 297 2669; x_wconf 83' lang='lat' dir='ltr'><strong>pert.</strong></span> <span class='ocrx_word' id='word_1_167' title='bbox 308 2609 420 2670; x_wconf 74' lang='lat' dir='ltr'><strong>plen-t</strong></span> <span class='ocrx_word' id='word_1_168' title='bbox 437 2607 518 2655; x_wconf 72' lang='lat' dir='ltr'><strong>Extra</strong></span> <span class='ocrx_word' id='word_1_169' title='bbox 539 2608 630 2657; x_wconf 76' lang='lat' dir='ltr'><strong>medem</strong></span> <span class='ocrx_word' id='word_1_170' title='bbox 643 2608 699 2658; x_wconf 85' lang='lat' dir='ltr'><strong>Pel.</strong></span> <span class='ocrx_word' id='word_1_171' title='bbox 712 2613 735 2658; x_wconf 91' lang='lat'><strong>1.</strong></span> <span class='ocrx_word' id='word_1_172' title='bbox 752 2610 812 2658; x_wconf 70' lang='lat' dir='ltr'><strong>nod.</strong></span> <span class='ocrx_word' id='word_1_173' title='bbox 829 2609 904 2658; x_wconf 81' lang='lat' dir='ltr'><strong>deest</strong></span> <span class='ocrx_word' id='word_1_174' title='bbox 915 2609 980 2673; x_wconf 86' lang='lat' dir='ltr'><strong>cop.</strong></span> <span class='ocrx_word' id='word_1_175' title='bbox 1013 2611 1078 2660; x_wconf 81' lang='lat' dir='ltr'><strong>Mcx</strong></span> <span class='ocrx_word' id='word_1_176' title='bbox 1108 2624 1135 2659; x_wconf 86' lang='lat' dir='ltr'><strong>tc</strong></span> <span class='ocrx_word' id='word_1_177' title='bbox 1146 2609 1221 2672; x_wconf 79' lang='lat' dir='ltr'><strong>cupite</strong></span> <span class='ocrx_word' id='word_1_178' title='bbox 1232 2609 1329 2660; x_wconf 84' lang='lat' dir='ltr'><strong>babent</strong></span> 
     </span>
     <span class='ocr_line' id='line_1_23' title="bbox 236 2668 1328 2738; baseline 0.004 -21"><span class='ocrx_word' id='word_1_179' title='bbox 236 2669 326 2719; x_wconf 64' lang='lat' dir='ltr'><strong>eunice</strong></span> <span class='ocrx_word' id='word_1_180' title='bbox 338 2670 400 2718; x_wconf 77' lang='lat' dir='ltr'><strong>Met.</strong></span> <span class='ocrx_word' id='word_1_181' title='bbox 412 2668 497 2720; x_wconf 86' lang='lat' dir='ltr'><strong>Putm.</strong></span> <span class='ocrx_word' id='word_1_182' title='bbox 508 2671 582 2721; x_wconf 78' lang='lat' dir='ltr'><strong>Torr.</strong></span> <span class='ocrx_word' id='word_1_183' title='bbox 594 2679 622 2720; x_wconf 90' lang='lat' dir='ltr'><strong>et</strong></span> <span class='ocrx_word' id='word_1_184' title='bbox 638 2673 696 2721; x_wconf 82' lang='lat' dir='ltr'><strong>Pel.</strong></span> <span class='ocrx_word' id='word_1_185' title='bbox 717 2680 746 2721; x_wconf 89' lang='lat' dir='ltr'><strong>ut</strong></span> <span class='ocrx_word' id='word_1_186' title='bbox 758 2672 870 2733; x_wconf 82' lang='lat' dir='ltr'><strong>ridetur,</strong></span> <span class='ocrx_word' id='word_1_187' title='bbox 885 2674 946 2722; x_wconf 88' lang='lat' dir='ltr'><strong>item</strong></span> <span class='ocrx_word' id='word_1_188' title='bbox 958 2680 1065 2738; x_wconf 80' lang='lat' dir='ltr'><strong>uterque</strong></span> <span class='ocrx_word' id='word_1_189' title='bbox 1102 2673 1153 2722; x_wconf 89' lang='lat' dir='ltr'><strong>ind.</strong></span> <span class='ocrx_word' id='word_1_190' title='bbox 1163 2673 1247 2724; x_wconf 78' lang='lat' dir='ltr'><strong>Perit.</strong></span> <span class='ocrx_word' id='word_1_191' title='bbox 1259 2673 1328 2722; x_wconf 83' lang='lat' dir='ltr'><strong>Her·</strong></span> 
     </span>
     <span class='ocr_line' id='line_1_24' title="bbox 236 2733 1327 2800; baseline 0.003 -18"><span class='ocrx_word' id='word_1_192' title='bbox 236 2734 298 2783; x_wconf 86' lang='lat' dir='ltr'><strong>lem.</strong></span> <span class='ocrx_word' id='word_1_193' title='bbox 308 2733 379 2783; x_wconf 87' lang='lat' dir='ltr'><strong>Cert.</strong></span> <span class='ocrx_word' id='word_1_194' title='bbox 391 2742 419 2783; x_wconf 91' lang='lat' dir='ltr'><strong>et</strong></span> <span class='ocrx_word' id='word_1_195' title='bbox 437 2733 504 2784; x_wconf 81' lang='lat' dir='ltr'><strong>Edd.</strong></span> <span class='ocrx_word' id='word_1_196' title='bbox 519 2741 580 2784; x_wconf 87' lang='lat' dir='ltr'><strong>ente</strong></span> <span class='ocrx_word' id='word_1_197' title='bbox 593 2735 704 2784; x_wconf 85' lang='lat' dir='ltr'><strong>Cneeub.</strong></span> <span class='ocrx_word' id='word_1_198' title='bbox 720 2735 768 2785; x_wconf 90' lang='lat' dir='ltr'><strong>nisi</strong></span> <span class='ocrx_word' id='word_1_199' title='bbox 780 2736 848 2800; x_wconf 79' lang='lat' dir='ltr'><strong>qued</strong></span> <span class='ocrx_word' id='word_1_200' title='bbox 859 2736 959 2800; x_wconf 80' lang='lat' dir='ltr'><strong>Grypb.</strong></span> <span class='ocrx_word' id='word_1_201' title='bbox 973 2751 1019 2799; x_wconf 87' lang='lat' dir='ltr'><strong>pro</strong></span> <span class='ocrx_word' id='word_1_202' title='bbox 1029 2753 1054 2785; x_wconf 84' lang='lat' dir='ltr'><strong>v.</strong></span> <span class='ocrx_word' id='word_1_203' title='bbox 1065 2737 1085 2795; x_wconf 90' lang='grc' dir='ltr'><strong>1.Ι</strong></span> <span class='ocrx_word' id='word_1_204' title='bbox 1094 2740 1171 2800; x_wconf 74' lang='lat' dir='ltr'><strong>eapite</strong></span> <span class='ocrx_word' id='word_1_205' title='bbox 1183 2746 1327 2798; x_wconf 73' lang='lat' dir='ltr'><strong>recensent,</strong></span> 
     </span>
     <span class='ocr_line' id='line_1_25' title="bbox 237 2797 1328 2862; baseline 0.005 -16"><span class='ocrx_word' id='word_1_206' title='bbox 237 2797 382 2861; x_wconf 75' lang='lat' dir='ltr'><strong>probetque</strong></span> <span class='ocrx_word' id='word_1_207' title='bbox 400 2799 488 2847; x_wconf 84' lang='lat' dir='ltr'><strong>Bntm.</strong></span> <span class='ocrx_word' id='word_1_208' title='bbox 507 2809 667 2862; x_wconf 79' lang='lat' dir='ltr'><strong>repugnante</strong></span> <span class='ocrx_word' id='word_1_209' title='bbox 684 2799 755 2849; x_wconf 93' lang='lat' dir='ltr'><strong>0ud.</strong></span> <span class='ocrx_word' id='word_1_210' title='bbox 789 2801 912 2850; x_wconf 81' lang='lat' dir='ltr'><strong>Ceterum</strong></span> <span class='ocrx_word' id='word_1_211' title='bbox 927 2805 1021 2861; x_wconf 69' lang='lat' dir='ltr'><strong>gestum</strong></span> <span class='ocrx_word' id='word_1_212' title='bbox 1037 2801 1137 2862; x_wconf 71' lang='lat' dir='ltr'><strong>prebet</strong></span> <span class='ocrx_word' id='word_1_213' title='bbox 1149 2801 1224 2851; x_wconf 82' lang='lat' dir='ltr'><strong>little.</strong></span> <span class='ocrx_word' id='word_1_214' title='bbox 1235 2801 1328 2851; x_wconf 83' lang='lat' dir='ltr'><strong>omitto</strong></span> 
     </span>
     <span class='ocr_line' id='line_1_26' title="bbox 237 2861 1395 2925; baseline 0.003 -13"><span class='ocrx_word' id='word_1_215' title='bbox 237 2863 307 2925; x_wconf 67' lang='lat' dir='ltr'><strong>qnod</strong></span> <span class='ocrx_word' id='word_1_216' title='bbox 340 2862 371 2911; x_wconf 89' lang='lat' dir='ltr'><strong>ln</strong></span> <span class='ocrx_word' id='word_1_217' title='bbox 383 2861 450 2911; x_wconf 85' lang='lat' dir='ltr'><strong>Edd.</strong></span> <span class='ocrx_word' id='word_1_218' title='bbox 461 2864 528 2912; x_wconf 84' lang='lat' dir='ltr'><strong>Ven.</strong></span> <span class='ocrx_word' id='word_1_219' title='bbox 538 2867 563 2912; x_wconf 69' lang='lat'><strong>2.</strong></span> <span class='ocrx_word' id='word_1_220' title='bbox 575 2867 599 2913; x_wconf 88' lang='lat' dir='ltr'><strong>t.</strong></span> <span class='ocrx_word' id='word_1_221' title='bbox 609 2869 721 2925; x_wconf 68' lang='lat' dir='ltr'><strong>negetur,</strong></span> <span class='ocrx_word' id='word_1_222' title='bbox 735 2868 762 2912; x_wconf 88' lang='lat' dir='ltr'><strong>et</strong></span> <span class='ocrx_word' id='word_1_223' title='bbox 772 2863 871 2921; x_wconf 73' lang='lat' dir='ltr'><strong>stendit</strong></span> <span class='ocrx_word' id='word_1_224' title='bbox 884 2863 963 2914; x_wconf 82' lang='lat' dir='ltr'><strong>vinu.</strong></span> <span class='ocrx_word' id='word_1_225' title='bbox 975 2868 1048 2914; x_wconf 73' lang='lat' dir='ltr'><strong>l.-·s</strong></span> <span class='ocrx_word' id='word_1_226' title='bbox 1069 2865 1212 2915; x_wconf 63' lang='lat' dir='ltr'><strong>otum</strong></span> <span class='ocrx_word' id='word_1_227' title='bbox 1229 2865 1328 2916; x_wconf 86' lang='lat' dir='ltr'><strong>Medic.</strong></span> <span class='ocrx_word' id='word_1_228' title='bbox 1394 2877 1395 2882; x_wconf 75' lang='grc'>’</span> 
     </span>
     <span class='ocr_line' id='line_1_27' title="bbox 237 2925 1328 2995; baseline 0.004 -20"><span class='ocrx_word' id='word_1_229' title='bbox 237 2930 262 2976; x_wconf 75' lang='lat'><strong>².</strong></span> <span class='ocrx_word' id='word_1_230' title='bbox 274 2929 298 2975; x_wconf 85' lang='lat' dir='ltr'><strong>t.</strong></span> <span class='ocrx_word' id='word_1_231' title='bbox 314 2926 387 2976; x_wconf 86' lang='lat' dir='ltr'><strong>Voss.</strong></span> <span class='ocrx_word' id='word_1_232' title='bbox 397 2925 521 2990; x_wconf 64' lang='lat' dir='ltr'><strong>effiminat</strong></span> <span class='ocrx_word' id='word_1_233' title='bbox 532 2925 608 2975; x_wconf 90' lang='lat' dir='ltr'><strong>Vind.</strong></span> <span class='ocrx_word' id='word_1_234' title='bbox 618 2930 644 2975; x_wconf 64' lang='grc' dir='ltr'><strong>Β.</strong></span> <span class='ocrx_word' id='word_1_235' title='bbox 655 2927 736 2976; x_wconf 76' lang='lat' dir='ltr'><strong>Fene.</strong></span> <span class='ocrx_word' id='word_1_236' title='bbox 746 2925 812 2976; x_wconf 84' lang='lat' dir='ltr'><strong>Edd.</strong></span> <span class='ocrx_word' id='word_1_237' title='bbox 826 2927 900 2976; x_wconf 81' lang='lat' dir='ltr'><strong>Rom.</strong></span> <span class='ocrx_word' id='word_1_238' title='bbox 934 2928 1001 2977; x_wconf 87' lang='lat' dir='ltr'><strong>Dein</strong></span> <span class='ocrx_word' id='word_1_239' title='bbox 1011 2929 1137 2995; x_wconf 74' lang='lat' dir='ltr'><strong>aliqnando</strong></span> <span class='ocrx_word' id='word_1_240' title='bbox 1152 2929 1250 2978; x_wconf 86' lang='lat' dir='ltr'><strong>Medic.</strong></span> <span class='ocrx_word' id='word_1_241' title='bbox 1261 2935 1285 2979; x_wconf 91' lang='lat' dir='ltr'><strong>t.</strong></span> <span class='ocrx_word' id='word_1_242' title='bbox 1299 2937 1328 2980; x_wconf 84' lang='lat' dir='ltr'><strong>et</strong></span> 
     </span>
     <span class='ocr_line' id='line_1_28' title="bbox 238 2990 1327 3052; baseline 0.004 -14"><span class='ocrx_word' id='word_1_243' title='bbox 238 2991 355 3038; x_wconf 75' lang='lat' dir='ltr'><strong>videretur</strong></span> <span class='ocrx_word' id='word_1_244' title='bbox 371 2990 456 3038; x_wconf 74' lang='lat' dir='ltr'><strong>Perit.</strong></span> <span class='ocrx_word' id='word_1_245' title='bbox 475 3004 491 3038; x_wconf 83' lang='lat' dir='ltr'><strong>a</strong></span> <span class='ocrx_word' id='word_1_246' title='bbox 507 3003 540 3039; x_wconf 83' lang='lat' dir='ltr'><strong>tn·</strong></span> <span class='ocrx_word' id='word_1_247' title='bbox 562 2993 650 3051; x_wconf 55' lang='lat' dir='ltr'><strong>pred</strong></span> <span class='ocrx_word' id='word_1_248' title='bbox 669 2990 815 3052; x_wconf 75' lang='lat' dir='ltr'><strong>Coeqeiet&#39;tie</strong></span> <span class='ocrx_word' id='word_1_249' title='bbox 832 2991 896 3039; x_wconf 77' lang='lat' dir='ltr'><strong>dent</strong></span> <span class='ocrx_word' id='word_1_250' title='bbox 913 3004 978 3039; x_wconf 88' lang='lat' dir='ltr'><strong>unus</strong></span> <span class='ocrx_word' id='word_1_251' title='bbox 997 2992 1081 3040; x_wconf 81' lang='lat' dir='ltr'><strong>Palm.</strong></span> <span class='ocrx_word' id='word_1_252' title='bbox 1097 2992 1327 3042; x_wconf 74' lang='lat' dir='ltr'><strong>duchnPeris.</strong></span> 
     </span>
     <span class='ocr_line' id='line_1_29' title="bbox 239 3051 1328 3117; baseline 0 -15"><span class='ocrx_word' id='word_1_253' title='bbox 239 3051 354 3102; x_wconf 81' lang='lat' dir='ltr'><strong>Heriem.</strong></span> <span class='ocrx_word' id='word_1_254' title='bbox 374 3053 431 3116; x_wconf 87' lang='lat' dir='ltr'><strong>an.</strong></span> <span class='ocrx_word' id='word_1_255' title='bbox 449 3053 520 3105; x_wconf 91' lang='lat' dir='ltr'><strong>Dun.</strong></span> <span class='ocrx_word' id='word_1_256' title='bbox 540 3052 638 3102; x_wconf 82' lang='lat' dir='ltr'><strong>Medic.</strong></span> <span class='ocrx_word' id='word_1_257' title='bbox 649 3055 673 3102; x_wconf 74' lang='lat'><strong>2.</strong></span> <span class='ocrx_word' id='word_1_258' title='bbox 685 3053 764 3103; x_wconf 82' lang='lat' dir='ltr'><strong>Vind.</strong></span> <span class='ocrx_word' id='word_1_259' title='bbox 776 3058 800 3103; x_wconf 66' lang='grc' dir='ltr'><strong>Ξ.</strong></span> <span class='ocrx_word' id='word_1_260' title='bbox 812 3068 870 3105; x_wconf 83' lang='lat' dir='ltr'><strong>em.</strong></span> <span class='ocrx_word' id='word_1_261' title='bbox 882 3068 921 3117; x_wconf 86' lang='lat' dir='ltr'><strong>pt.</strong></span> <span class='ocrx_word' id='word_1_262' title='bbox 940 3067 997 3104; x_wconf 89' lang='lat' dir='ltr'><strong>etttn</strong></span> <span class='ocrx_word' id='word_1_263' title='bbox 1007 3054 1056 3105; x_wconf 84' lang='lat' dir='ltr'><strong>Ed.</strong></span> <span class='ocrx_word' id='word_1_264' title='bbox 1069 3055 1142 3109; x_wconf 84' lang='lat' dir='ltr'><strong>Rom.</strong></span> <span class='ocrx_word' id='word_1_265' title='bbox 1157 3070 1211 3106; x_wconf 88' lang='lat' dir='ltr'><strong>tec.</strong></span> <span class='ocrx_word' id='word_1_266' title='bbox 1221 3069 1251 3105; x_wconf 79' lang='lat' dir='ltr'><strong>tc</strong></span> <span class='ocrx_word' id='word_1_267' title='bbox 1261 3056 1328 3106; x_wconf 81' lang='lat' dir='ltr'><strong>Bon.</strong></span> 
     </span>
    </p>
   </div>
   <div class='ocr_carea' id='block_1_7' title="bbox 727 3213 836 3266">
    <p class='ocr_par' dir='ltr' id='par_1_7' title="bbox 727 3213 836 3266">
     <span class='ocr_line' id='line_1_30' title="bbox 727 3213 836 3266; baseline -0.018 0"><span class='ocrx_word' id='word_1_268' title='bbox 727 3213 836 3266; x_wconf 68' lang='lat' dir='ltr'><strong>Noun</strong></span> 
     </span>
    </p>
   </div>
   <div class='ocr_carea' id='block_1_8' title="bbox 238 3327 1343 4304">
    <p class='ocr_par' dir='ltr' id='par_1_8' title="bbox 238 3327 1343 3772">
     <span class='ocr_line' id='line_1_31' title="bbox 271 3327 1160 3394; baseline 0.001 -17"><span class='ocrx_word' id='word_1_269' title='bbox 271 3335 283 3370; x_wconf 74' lang='lat' dir='ltr'><strong>t</strong></span> <span class='ocrx_word' id='word_1_270' title='bbox 302 3327 374 3390; x_wconf 79' lang='lat' dir='ltr'><strong>Fato]</strong></span> <span class='ocrx_word' id='word_1_271' title='bbox 391 3328 429 3376; x_wconf 78' lang='lat' dir='ltr'><strong>lio</strong></span> <span class='ocrx_word' id='word_1_272' title='bbox 440 3328 619 3378; x_wconf 77' lang='lat' dir='ltr'><strong>verosimiliter</strong></span> <span class='ocrx_word' id='word_1_273' title='bbox 628 3327 694 3394; x_wconf 79' lang='lat' dir='ltr'><strong>qnod</strong></span> <span class='ocrx_word' id='word_1_274' title='bbox 706 3329 764 3379; x_wconf 81' lang='lat' dir='ltr'><strong>Me·</strong></span> <span class='ocrx_word' id='word_1_275' title='bbox 802 3329 870 3380; x_wconf 87' lang='lat' dir='ltr'><strong>desis</strong></span> <span class='ocrx_word' id='word_1_276' title='bbox 882 3329 908 3378; x_wconf 93' lang='lat' dir='ltr'><strong>in</strong></span> <span class='ocrx_word' id='word_1_277' title='bbox 921 3329 1039 3393; x_wconf 71' lang='lat' dir='ltr'><strong>Angusto</strong></span> <span class='ocrx_word' id='word_1_278' title='bbox 1050 3341 1108 3394; x_wconf 86' lang='lat' dir='ltr'><strong>etp.</strong></span> <span class='ocrx_word' id='word_1_279' title='bbox 1118 3333 1160 3380; x_wconf 81' lang='lat' dir='ltr'><strong>tto.</strong></span> 
     </span>
     <span class='ocr_line' id='line_1_32' title="bbox 238 3403 1328 3471; baseline 0.004 -18"><span class='ocrx_word' id='word_1_280' title='bbox 238 3403 516 3454; x_wconf 85' lang='lat' dir='ltr'><strong>thematicnmvoctnt.</strong></span> <span class='ocrx_word' id='word_1_281' title='bbox 549 3405 591 3454; x_wconf 88' lang='lat' dir='ltr'><strong>De</strong></span> <span class='ocrx_word' id='word_1_282' title='bbox 599 3405 697 3468; x_wconf 82' lang='lat' dir='ltr'><strong>queste</strong></span> <span class='ocrx_word' id='word_1_283' title='bbox 705 3405 764 3468; x_wconf 81' lang='lat' dir='ltr'><strong>lip-</strong></span> <span class='ocrx_word' id='word_1_284' title='bbox 835 3406 984 3455; x_wconf 70' lang='lat' dir='ltr'><strong>*Comitem</strong></span> <span class='ocrx_word' id='word_1_285' title='bbox 995 3405 1328 3471; x_wconf 62' lang='lat' dir='ltr'><strong>Memtmdstrpreirtrlu·</strong></span> 
     </span>
     <span class='ocr_line' id='line_1_33' title="bbox 239 3478 1328 3557; baseline 0.005 -29"><span class='ocrx_word' id='word_1_286' title='bbox 239 3479 292 3529; x_wconf 82' lang='lat' dir='ltr'><strong>titre</strong></span> <span class='ocrx_word' id='word_1_287' title='bbox 303 3478 347 3528; x_wconf 92' lang='lat' dir='ltr'><strong>lib.</strong></span> <span class='ocrx_word' id='word_1_288' title='bbox 360 3490 380 3528; x_wconf 90' lang='lat' dir='ltr'><strong>r.</strong></span> <span class='ocrx_word' id='word_1_289' title='bbox 392 3478 425 3526; x_wconf 89' lang='lat' dir='ltr'><strong>de</strong></span> <span class='ocrx_word' id='word_1_290' title='bbox 433 3478 654 3542; x_wconf 77' lang='lat' dir='ltr'><strong>constentiemp.</strong></span> <span class='ocrx_word' id='word_1_291' title='bbox 666 3483 706 3527; x_wconf 81' lang='lat' dir='ltr'><strong>ta.</strong></span> <span class='ocrx_word' id='word_1_292' title='bbox 717 3478 726 3506; x_wconf 88' lang='lat'>‘</span> <span class='ocrx_word' id='word_1_293' title='bbox 736 3480 764 3527; x_wconf 88' lang='lat' dir='ltr'><strong>li·</strong></span> <span class='ocrx_word' id='word_1_294' title='bbox 804 3489 878 3557; x_wconf 63' lang='lat' dir='ltr'><strong>gusto</strong></span> <span class='ocrx_word' id='word_1_295' title='bbox 897 3496 954 3546; x_wconf 84' lang='lat' dir='ltr'><strong>erp.</strong></span> <span class='ocrx_word' id='word_1_296' title='bbox 974 3485 1015 3532; x_wconf 73' lang='lat'><strong>68.</strong></span> <span class='ocrx_word' id='word_1_297' title='bbox 1049 3481 1148 3532; x_wconf 83' lang='lat' dir='ltr'><strong>Auctor</strong></span> <span class='ocrx_word' id='word_1_298' title='bbox 1170 3483 1271 3547; x_wconf 76' lang='lat' dir='ltr'><strong>Dielogi</strong></span> <span class='ocrx_word' id='word_1_299' title='bbox 1294 3483 1328 3533; x_wconf 90' lang='lat' dir='ltr'><strong>de</strong></span> 
     </span>
     <span class='ocr_line' id='line_1_34' title="bbox 239 3553 1329 3622; baseline -0.005 -18"><span class='ocrx_word' id='word_1_300' title='bbox 239 3561 284 3618; x_wconf 74' lang='lat' dir='ltr'><strong>get</strong></span> <span class='ocrx_word' id='word_1_301' title='bbox 294 3561 322 3604; x_wconf 88' lang='lat' dir='ltr'><strong>et</strong></span> <span class='ocrx_word' id='word_1_302' title='bbox 332 3555 415 3604; x_wconf 79' lang='lat' dir='ltr'><strong>nectit</strong></span> <span class='ocrx_word' id='word_1_303' title='bbox 424 3553 534 3603; x_wconf 82' lang='lat' dir='ltr'><strong>firmiter</strong></span> <span class='ocrx_word' id='word_1_304' title='bbox 548 3554 661 3603; x_wconf 80' lang='lat' dir='ltr'><strong>ecticnet</strong></span> <span class='ocrx_word' id='word_1_305' title='bbox 677 3568 765 3604; x_wconf 80' lang='lat' dir='ltr'><strong>omnes</strong></span> <span class='ocrx_word' id='word_1_306' title='bbox 804 3559 881 3608; x_wconf 87' lang='lat' dir='ltr'><strong>cleris</strong></span> <span class='ocrx_word' id='word_1_307' title='bbox 892 3557 1055 3613; x_wconf 78' lang='lat' dir='ltr'><strong>Oratoribus,</strong></span> <span class='ocrx_word' id='word_1_308' title='bbox 1074 3571 1149 3622; x_wconf 87' lang='lat' dir='ltr'><strong>qttem</strong></span> <span class='ocrx_word' id='word_1_309' title='bbox 1168 3558 1242 3621; x_wconf 72' lang='lat' dir='ltr'><strong>vulgo</strong></span> <span class='ocrx_word' id='word_1_310' title='bbox 1257 3557 1329 3608; x_wconf 62' lang='lat' dir='ltr'><strong>Tuci.</strong></span> 
     </span>
     <span class='ocr_line' id='line_1_35' title="bbox 240 3630 1343 3696; baseline -0.002 -16"><span class='ocrx_word' id='word_1_311' title='bbox 240 3637 398 3695; x_wconf 76' lang='lat' dir='ltr'><strong>eventusque</strong></span> <span class='ocrx_word' id='word_1_312' title='bbox 408 3630 440 3678; x_wconf 85' lang='lat' dir='ltr'><strong>td</strong></span> <span class='ocrx_word' id='word_1_313' title='bbox 449 3630 499 3678; x_wconf 85' lang='lat' dir='ltr'><strong>tim</strong></span> <span class='ocrx_word' id='word_1_314' title='bbox 508 3630 619 3678; x_wconf 82' lang='lat' dir='ltr'><strong>tidemm</strong></span> <span class='ocrx_word' id='word_1_315' title='bbox 630 3635 658 3680; x_wconf 88' lang='lat' dir='ltr'><strong>et</strong></span> <span class='ocrx_word' id='word_1_316' title='bbox 667 3631 764 3693; x_wconf 86' lang='lat' dir='ltr'><strong>positu·</strong></span> <span class='ocrx_word' id='word_1_317' title='bbox 805 3644 858 3684; x_wconf 88' lang='lat' dir='ltr'><strong>mm</strong></span> <span class='ocrx_word' id='word_1_318' title='bbox 869 3633 967 3695; x_wconf 83' lang='lat' dir='ltr'><strong>ferunt,</strong></span> <span class='ocrx_word' id='word_1_319' title='bbox 978 3633 1016 3683; x_wconf 84' lang='lat' dir='ltr'><strong>eit</strong></span> <span class='ocrx_word' id='word_1_320' title='bbox 1026 3633 1164 3683; x_wconf 76' lang='lat' dir='ltr'><strong>Corvinum</strong></span> <span class='ocrx_word' id='word_1_321' title='bbox 1183 3633 1238 3696; x_wconf 82' lang='lat' dir='ltr'><strong>ipso</strong></span> <span class='ocrx_word' id='word_1_322' title='bbox 1254 3633 1328 3683; x_wconf 82' lang='lat' dir='ltr'><strong>Cice·</strong></span> <span class='ocrx_word' id='word_1_323' title='bbox 1340 3671 1343 3678; x_wconf 95' lang='lat'><strong>.</strong></span> 
     </span>
     <span class='ocr_line' id='line_1_36' title="bbox 239 3704 1328 3772; baseline 0.005 -18"><span class='ocrx_word' id='word_1_324' title='bbox 239 3719 293 3754; x_wconf 84' lang='lat' dir='ltr'><strong>mm</strong></span> <span class='ocrx_word' id='word_1_325' title='bbox 305 3704 453 3754; x_wconf 79' lang='lat' dir='ltr'><strong>stellarum-¹</strong></span> <span class='ocrx_word' id='word_1_326' title='bbox 804 3722 867 3758; x_wconf 87' lang='lat' dir='ltr'><strong>rone</strong></span> <span class='ocrx_word' id='word_1_327' title='bbox 877 3709 1018 3758; x_wconf 84' lang='lat' dir='ltr'><strong>dulciorem</strong></span> <span class='ocrx_word' id='word_1_328' title='bbox 1030 3709 1148 3772; x_wconf 69' lang='lat' dir='ltr'><strong>ettmegit</strong></span> <span class='ocrx_word' id='word_1_329' title='bbox 1160 3708 1328 3760; x_wconf 76' lang='lat' dir='ltr'><strong>elaborarunt.</strong></span> 
     </span>
    </p>

    <p class='ocr_par' dir='ltr' id='par_1_9' title="bbox 240 3779 1328 4304">
     <span class='ocr_line' id='line_1_37' title="bbox 271 3779 1328 3843; baseline 0.003 -14"><span class='ocrx_word' id='word_1_330' title='bbox 271 3787 282 3814; x_wconf 74' lang='lat'><em>¹</em></span> <span class='ocrx_word' id='word_1_331' title='bbox 300 3781 416 3830; x_wconf 73' lang='lat' dir='ltr'><strong>Germ</strong></span> <span class='ocrx_word' id='word_1_332' title='bbox 424 3779 537 3843; x_wconf 73' lang='lat' dir='ltr'><strong>luerem]</strong></span> <span class='ocrx_word' id='word_1_333' title='bbox 562 3779 635 3830; x_wconf 90' lang='lat' dir='ltr'><strong>Idem</strong></span> <span class='ocrx_word' id='word_1_334' title='bbox 647 3780 764 3843; x_wconf 73' lang='lat' dir='ltr'><strong>Auguste</strong></span> <span class='ocrx_word' id='word_1_335' title='bbox 805 3785 926 3836; x_wconf 80' lang='lat' dir='ltr'><strong>Meminit</strong></span> <span class='ocrx_word' id='word_1_336' title='bbox 943 3791 971 3834; x_wconf 90' lang='lat' dir='ltr'><strong>et</strong></span> <span class='ocrx_word' id='word_1_337' title='bbox 986 3783 1110 3834; x_wconf 79' lang='lat' dir='ltr'><strong>Horatius</strong></span> <span class='ocrx_word' id='word_1_338' title='bbox 1125 3783 1193 3833; x_wconf 85' lang='lat' dir='ltr'><strong>libro</strong></span> <span class='ocrx_word' id='word_1_339' title='bbox 1211 3782 1244 3832; x_wconf 91' lang='lat' dir='ltr'><strong>de</strong></span> <span class='ocrx_word' id='word_1_340' title='bbox 1260 3783 1328 3833; x_wconf 79' lang='lat' dir='ltr'><strong>Arte</strong></span> 
     </span>
     <span class='ocr_line' id='line_1_38' title="bbox 240 3857 1312 3922; baseline 0 -15"><span class='ocrx_word' id='word_1_341' title='bbox 240 3872 329 3921; x_wconf 83' lang='lat' dir='ltr'><strong>petor,</strong></span> <span class='ocrx_word' id='word_1_342' title='bbox 339 3864 366 3907; x_wconf 86' lang='lat' dir='ltr'><strong>et</strong></span> <span class='ocrx_word' id='word_1_343' title='bbox 377 3857 517 3907; x_wconf 86' lang='lat' dir='ltr'><strong>temedium</strong></span> <span class='ocrx_word' id='word_1_344' title='bbox 526 3865 577 3906; x_wconf 86' lang='lat' dir='ltr'><strong>ttm</strong></span> <span class='ocrx_word' id='word_1_345' title='bbox 586 3858 693 3922; x_wconf 86' lang='lat' dir='ltr'><strong>inutile;</strong></span> <span class='ocrx_word' id='word_1_346' title='bbox 704 3866 765 3910; x_wconf 86' lang='lat' dir='ltr'><strong>tunt</strong></span> <span class='ocrx_word' id='word_1_347' title='bbox 804 3859 921 3915; x_wconf 61' lang='lat' dir='ltr'><strong>Potrici,</strong></span> <span class='ocrx_word' id='word_1_348' title='bbox 931 3867 959 3908; x_wconf 87' lang='lat' dir='ltr'><strong>et</strong></span> <span class='ocrx_word' id='word_1_349' title='bbox 970 3859 1142 3910; x_wconf 78' lang='lat' dir='ltr'><strong>Quintilianus</strong></span> <span class='ocrx_word' id='word_1_350' title='bbox 1151 3858 1215 3908; x_wconf 89' lang='lat' dir='ltr'><strong>llbm</strong></span> <span class='ocrx_word' id='word_1_351' title='bbox 1225 3871 1253 3909; x_wconf 85' lang='lat' dir='ltr'><strong>x.</strong></span> <span class='ocrx_word' id='word_1_352' title='bbox 1262 3861 1312 3908; x_wconf 76' lang='lat' dir='ltr'><strong>&amp;c</strong></span> 
     </span>
     <span class='ocr_line' id='line_1_39' title="bbox 240 3932 1326 3998; baseline -0.001 -15"><span class='ocrx_word' id='word_1_353' title='bbox 240 3935 307 3984; x_wconf 87' lang='lat' dir='ltr'><strong>enim</strong></span> <span class='ocrx_word' id='word_1_354' title='bbox 319 3934 363 3998; x_wconf 88' lang='lat' dir='ltr'><strong>qni</strong></span> <span class='ocrx_word' id='word_1_355' title='bbox 375 3935 472 3982; x_wconf 85' lang='lat' dir='ltr'><strong>lentum</strong></span> <span class='ocrx_word' id='word_1_356' title='bbox 484 3932 518 3981; x_wconf 88' lang='lat' dir='ltr'><strong>de</strong></span> <span class='ocrx_word' id='word_1_357' title='bbox 534 3935 599 3983; x_wconf 74' lang='lat' dir='ltr'><strong>culn</strong></span> <span class='ocrx_word' id='word_1_358' title='bbox 617 3942 712 3984; x_wconf 81' lang='lat' dir='ltr'><strong>tactem</strong></span> <span class='ocrx_word' id='word_1_359' title='bbox 728 3937 764 3986; x_wconf 84' lang='lat' dir='ltr'><strong>rt·</strong></span> <span class='ocrx_word' id='word_1_360' title='bbox 834 3933 1026 3998; x_wconf 52' lang='lat' dir='ltr'><strong>affectatione]</strong></span> <span class='ocrx_word' id='word_1_361' title='bbox 1038 3933 1205 3997; x_wconf 80' lang='lat' dir='ltr'><strong>Anthttomnr</strong></span> <span class='ocrx_word' id='word_1_362' title='bbox 1218 3946 1326 3997; x_wconf 79' lang='lat' dir='ltr'><strong>peteter-</strong></span> 
     </span>
     <span class='ocr_line' id='line_1_40' title="bbox 241 4007 1328 4074; baseline -0.002 -14"><span class='ocrx_word' id='word_1_363' title='bbox 241 4009 337 4070; x_wconf 86' lang='lat' dir='ltr'><strong>derint,</strong></span> <span class='ocrx_word' id='word_1_364' title='bbox 348 4007 469 4074; x_wconf 83' lang='lat' dir='ltr'><strong>quicquid</strong></span> <span class='ocrx_word' id='word_1_365' title='bbox 478 4007 546 4057; x_wconf 81' lang='lat' dir='ltr'><strong>dicet</strong></span> <span class='ocrx_word' id='word_1_366' title='bbox 556 4009 763 4060; x_wconf 84' lang='lat' dir='ltr'><strong>Pllnlmllb.xr.</strong></span> <span class='ocrx_word' id='word_1_367' title='bbox 803 4009 849 4058; x_wconf 83' lang='lat' dir='ltr'><strong>tim</strong></span> <span class='ocrx_word' id='word_1_368' title='bbox 860 4009 1053 4058; x_wconf 76' lang='lat' dir='ltr'><strong>vocabulorum:</strong></span> <span class='ocrx_word' id='word_1_369' title='bbox 1070 4009 1229 4073; x_wconf 86' lang='lat' dir='ltr'><strong>quonomlne</strong></span> <span class='ocrx_word' id='word_1_370' title='bbox 1238 4023 1328 4073; x_wconf 71' lang='lat' dir='ltr'><strong>urgue-</strong></span> 
     </span>
     <span class='ocr_line' id='line_1_41' title="bbox 240 4083 1316 4150; baseline 0.001 -14"><span class='ocrx_word' id='word_1_371' title='bbox 240 4099 297 4150; x_wconf 84' lang='lat' dir='ltr'><strong>etp.</strong></span> <span class='ocrx_word' id='word_1_372' title='bbox 308 4089 348 4137; x_wconf 87' lang='lat' dir='ltr'><strong>tn.</strong></span> <span class='ocrx_word' id='word_1_373' title='bbox 360 4084 403 4134; x_wconf 90' lang='lat' dir='ltr'><strong>nbi</strong></span> <span class='ocrx_word' id='word_1_374' title='bbox 411 4083 630 4148; x_wconf 79' lang='lat' dir='ltr'><strong>etlembujnelcei</strong></span> <span class='ocrx_word' id='word_1_375' title='bbox 639 4087 762 4148; x_wconf 80' lang='lat' dir='ltr'><strong>meminit,</strong></span> <span class='ocrx_word' id='word_1_376' title='bbox 802 4086 879 4137; x_wconf 84' lang='lat' dir='ltr'><strong>betur</strong></span> <span class='ocrx_word' id='word_1_377' title='bbox 890 4087 922 4136; x_wconf 83' lang='lat' dir='ltr'><strong>sb</strong></span> <span class='ocrx_word' id='word_1_378' title='bbox 934 4087 1058 4150; x_wconf 74' lang='lat' dir='ltr'><strong>Angusto,</strong></span> <span class='ocrx_word' id='word_1_379' title='bbox 1072 4087 1098 4136; x_wconf 90' lang='lat' dir='ltr'><strong>ltt</strong></span> <span class='ocrx_word' id='word_1_380' title='bbox 1111 4083 1228 4148; x_wconf 70' lang='lat' dir='ltr'><strong>Augusto</strong></span> <span class='ocrx_word' id='word_1_381' title='bbox 1236 4101 1259 4137; x_wconf 90' lang='lat' dir='ltr'><strong>c.</strong></span> <span class='ocrx_word' id='word_1_382' title='bbox 1274 4091 1316 4137; x_wconf 76' lang='grc'><strong>80.</strong></span> 
     </span>
     <span class='ocr_line' id='line_1_42' title="bbox 242 4159 1328 4226; baseline -0.001 -14"><span class='ocrx_word' id='word_1_383' title='bbox 242 4170 269 4212; x_wconf 91' lang='lat' dir='ltr'><strong>et</strong></span> <span class='ocrx_word' id='word_1_384' title='bbox 288 4161 334 4213; x_wconf 86' lang='lat' dir='ltr'><strong>lib.</strong></span> <span class='ocrx_word' id='word_1_385' title='bbox 355 4173 386 4214; x_wconf 83' lang='lat' dir='ltr'><strong>tt.</strong></span> <span class='ocrx_word' id='word_1_386' title='bbox 409 4164 524 4223; x_wconf 75' lang='lat' dir='ltr'><strong>captiti.</strong></span> <span class='ocrx_word' id='word_1_387' title='bbox 540 4159 584 4208; x_wconf 85' lang='lat' dir='ltr'><strong>ubi</strong></span> <span class='ocrx_word' id='word_1_388' title='bbox 601 4161 680 4210; x_wconf 81' lang='lat' dir='ltr'><strong>tolum</strong></span> <span class='ocrx_word' id='word_1_389' title='bbox 696 4161 763 4212; x_wconf 78' lang='lat' dir='ltr'><strong>itane</strong></span> <span class='ocrx_word' id='word_1_390' title='bbox 833 4171 845 4198; x_wconf 80' lang='lat' dir='ltr'><strong>t</strong></span> <span class='ocrx_word' id='word_1_391' title='bbox 863 4162 1077 4226; x_wconf 73' lang='lat' dir='ltr'><strong>cmqueetiedeb.</strong></span> <span class='ocrx_word' id='word_1_392' title='bbox 1090 4161 1205 4225; x_wconf 63' lang='lat' dir='ltr'><strong>uarie]</strong></span> <span class='ocrx_word' id='word_1_393' title='bbox 1215 4161 1328 4213; x_wconf 81' lang='lat' dir='ltr'><strong>Torren-</strong></span> 
     </span>
     <span class='ocr_line' id='line_1_43' title="bbox 241 4235 1326 4304; baseline 0.002 -16"><span class='ocrx_word' id='word_1_394' title='bbox 241 4235 701 4300; x_wconf 70' lang='lat' dir='ltr'><strong>trberemiulmineucnttngiretert.</strong></span> <span class='ocrx_word' id='word_1_395' title='bbox 719 4238 764 4294; x_wconf 79' lang='lat' dir='ltr'><strong>Vl·</strong></span> <span class='ocrx_word' id='word_1_396' title='bbox 803 4238 834 4289; x_wconf 88' lang='lat' dir='ltr'><strong>tii</strong></span> <span class='ocrx_word' id='word_1_397' title='bbox 855 4239 920 4289; x_wconf 82' lang='lat' dir='ltr'><strong>Met.</strong></span> <span class='ocrx_word' id='word_1_398' title='bbox 942 4251 1029 4288; x_wconf 78' lang='lat' dir='ltr'><strong>omnes</strong></span> <span class='ocrx_word' id='word_1_399' title='bbox 1056 4237 1152 4290; x_wconf 85' lang='lat' dir='ltr'><strong>hebent</strong></span> <span class='ocrx_word' id='word_1_400' title='bbox 1179 4239 1326 4304; x_wconf 60' lang='lat' dir='ltr'><strong>mentatio.</strong></span> 
     </span>
    </p>
   </div>
   <div class='ocr_carea' id='block_1_9' title="bbox 0 0 1625 4914">
    <p class='ocr_par' dir='ltr' id='par_1_10' title="bbox 0 0 1625 4914">
     <span class='ocr_line' id='line_1_44' title="bbox 0 0 1625 4914; baseline 0 0"><span class='ocrx_word' id='word_1_401' title='bbox 0 0 1625 4914; x_wconf 95' lang='lat' dir='ltr'><strong> </strong></span> 
     </span>
    </p>
   </div>
  </div>
 </body>
</html>
