3216 4918
321 419 387 483 450
750 432 782 477 c.
805 429 984 479 sunrourr

322 578 402 662 quid
411 575 610 650 stomachor,
620 573 729 650 ratde,
743 573 993 650 mediusfidius,
1007 571 1180 636 Tiberium
1194 590 1306 636 meum
1325 571 1411 635 desi·

321 681 422 744 dero:
445 677 675 760 succurritque
691 694 806 740 versus
820 675 879 738 iile
897 673 1118 738 Homericus:

451 776 553 840 Τούτου
563 778 633 837 “δ’5
657 773 825 855 ἑσπομένοιο,
840 777 888 838 καὶ
904 777 935 836 ὲιι
950 770 1032 858 πυρὸς
1049 771 1197 854 αἰθομένοιο

442 878 551 958 “Apeva
566 875 760 958 νοστήσαιμεν,
773 876 828 938 ἐπεὶ
844 875 904 960 πέρι
920 874 973 939 aibr
988 877 1109 952 auium!

321 982 540 1048 Attenuatum
555 976 612 1042 te⁶
626 997 702 1042 esse
720 978 967 1044 continuatione
984 978 1147 1056 taborum,
1164 996 1241 1041 cum
1257 975 1358 1040 audio
1373 981 1408 1038 et

318 1085 407 1166 lego,
423 1082 481 1146 Dii
495 1100 547 1144 me
562 1080 713 1171 perdant,
724 1080 789 1142 nisi
807 1080 1011 1144 cohorrescit
1025 1099 1149 1163 corpus
1161 1098 1290 1142 meum:
1312 1084 1407 1160 teque

319 1193 428 1267 rogo,⁷
444 1187 481 1246 ut
491 1199 612 1265 parcas
627 1181 707 1245 tibi:
729 1201 784 1258 nu,
799 1182 828 1244 si
844 1189 877 1245 te
893 1180 1050 1262 languere
1066 1180 1282 1257 audierimus,
1299 1189 1332 1242 et
1346 1196 1406 1258 ego

318 1293 354 1351 et
369 1295 474 1350 mater
498 1292 555 1347 tua
570 1281 772 1363 expiremus,
787 1286 820 1344 et
839 1280 904 1344 de⁸
931 1299 1060 1344 summa
1082 1280 1214 1362 imperii
1230 1281 1283 1342 sui
1302 1298 1408 1363 popu·

316 1389 371 1451 lus
384 1385 557 1450 Romanus
572 1381 786 1465 periclitetur.
831 1379 923 1443 Nihil
934 1381 1081 1449 interest,
1096 1380 1227 1443 valeam
1244 1380 1318 1461 ipse
1332 1397 1405 1442 nec·

316 1507 372 1564 ne,
392 1487 421 1548 si
437 1491 472 1548 tu
495 1502 563 1548 non
577 1481 716 1546 valebis.
761 1481 854 1544 Deos
870 1482 1023 1557 obsecro,
1040 1487 1077 1544 ut
1096 1487 1130 1544 te
1149 1480 1246 1544 nobis
1270 1499 1406 1544 conscr-

316 1593 405 1663 veut,
418 1592 453 1648 et
475 1585 585 1648 valere
606 1603 695 1647 nunc
712 1589 746 1645 et
770 1601 903 1664 semper
919 1582 1097 1665 patiantur,
1110 1581 1144 1650 si
1162 1600 1229 1644 non
1243 1580 1407 1674 populum

317 1687 529 1751 Romanum⁹
554 1685 665 1766 perosi
687 1681 785 1746 sunt?
842 1680 924 1763 [22]
958 1681 1144 1744 Excessum
1168 1679 1313 1762 Augusti
1339 1700 1407 1745 non

315 1788 408 1870 prius
423 1785 533 1868 palam
548 1784 640 1861 fecit,
655 1803 757 1866 quam
771 1781 924 1865 Agrippa
932 1783 1054 1866 juvene
1064 1789 1078 1816 ⁷
1099 1784 1282 1846 interemto.
1305 1781 1406 1846 Hunc

315 1885 481 1953 Tribunus
503 1884 641 1948 miiitum
665 1889 780 1948 custos
804 1885 984 1966 appositus
993 1891 1020 1920 ¹⁰
1042 1882 1180 1960 occidit,
1194 1883 1290 1947 lectis
1311 1882 1404 1947 codi-

315 1987 437 2064 ciliis,w
452 1987 586 2070 quibus,
603 1989 640 2050 ut
657 1985 692 2049 id
710 1984 849 2061 faceret,
870 1985 1058 2067 jubebatur.
1103 1982 1200 2060 Quos
1220 1983 1405 2060 codicillos,

315 2201 430 2318 ⁸11eroe
446 2161 538 2268 quiden
548 2205 640 2264 currite,
656 2203 723 2253 umbo
733 2203 871 2254 redierimus
888 2217 919 2253 ex
933 2203 989 2266 igue
1000 2203 1095 2254 ardenti
1101 2220 1111 2262 ,·
1127 2219 1181 2254 ιιονιι
1190 2205 1258 2252 rutde
1271 2203 1337 2252 ιιοοιί
1350 2217 1403 2252 corr·

379 2283 399 2319 e.

771 2361 949 2384 'MNO

315 2491 377 2542 Sub.
388 2491 488 2555 Grypb.
500 2492 587 2542 Ptant.
603 2497 748 2543 mammem
755 2491 804 2542 Ed.
816 2493 952 2556 (temp-5
962 2492 1057 2542 Medic.
1069 2491 1243 2542 treurutroar'
1254 2490 1319 2541 Edd.
1328 2491 1402 2541 Rom.

315 2569 374 2604 cunt
385 2557 456 2604 Cort-
465 2554 552 2604 τούτου
561 2557 596 2618 γ’,
605 2565 633 2605 et
643 2559 708 2606 itniu
721 2557 753 2606 ΙΙ.
762 2561 791 2604 Κ.
803 2571 837 2606 νι.
845 2561 902 2606 246.
919 2558 1017 2606 Postea
1025 2556 1108 2606 edidit
1119 2559 1206 2606 Brem.
1217 2553 1318 2618 περίοιδε
1325 2555 1402 2618 junc-

313 2618 418 2668 tim-o
438 2619 469 2668 Te
480 2619 552 2668 deest
563 2621 653 2681 Stepb.
686 2620 751 2670 Post
760 2621 786 2668 in
798 2635 847 2670 unc
857 2621 929 2670 Torr.
945 2621 1054 2680 οοΙιοισιι,
1066 2622 1091 2669 in
1109 2621 1160 2670 atio
1170 2619 1292 2679 rubescit,
1301 2627 1328 2668 et
1338 2634 1403 2682 corp.

312 2686 421 2731 nostram
439 2683 543 2730 exbibet
561 2683 683 2732 Heia-t
701 2684 732 2731 In
750 2684 810 2732 trib.
829 2683 924 2733 Medic.
942 2685 1018 2734 vind.
1034 2689 1058 2733 2.
1076 2686 1155 2733 Petit.
1172 2685 1236 2747 Cup.
1255 2683 1329 2732 Huts.
1344 2683 1402 2732 Cu‘.

313 2746 387 2794 Vou.
398 2747 468 2793 Dan.
479 2745 585 2808 Lougoi.
593 2754 620 2794 et
630 2747 707 2794 Ferro.
720 2745 731 2810 (
750 2746 776 2794 ui
785 2753 813 2795 et
822 2747 916 2810 parces)
929 2747 1024 2810 legitur
1040 2763 1088 2804 ονο,
1100 2749 1167 2812 quod
1180 2747 1321 2810 praeplacet
1332 2746 1374 2795 Ou
1397 2782 1404 2796 .

313 2762 1401 2938 zuarutriustri1·carirriteturu·

313 2933 436 2984 bentibus
445 2934 514 2984 Oud.
527 2937 658 2987 Drakenb.
675 2936 707 2985 ad
725 2937 781 2986 Liv.
793 2949 912 2986 xxxrur.
925 2941 965 2989 20.
996 2939 1059 2988 Mox
1072 2954 1117 3002 pro
1127 2941 1149 2987 ti
1159 2944 1186 2988 ιιι
1199 2953 1245 2988 aea
1255 2938 1302 2986 out.
1314 2938 1401 3000 placet

312 2997 387 3047 Torr.
396 2999 504 3048 casaub.
514 3008 541 3048 et
551 3001 664 3049 Scrimi
674 3005 701 3049 ιιι
710 3003 776 3048 ruodo
785 3002 832 3050 out.
846 3008 875 3050 ut
885 3009 925 3049 ert
936 3002 961 3050 in
970 3001 1046 3052 drrob.
1056 3003 1119 3052 Μιι.
1126 3003 1199 3052 Torr.
1207 3011 1235 3050 et
1246 3002 1330 3051 Putre.
1340 3015 1401 3052 uno.

313 3061 374 3112 rita
383 3064 429 3112 out.
442 3063 506 3114 Μιι.
519 3063 587 3113 Abb.
597 3063 729 3114 Gaudent.
742 3064 859 3112 Heriem.
868 3065 934 3114 Edd.
945 3066 1013 3115 Ven.
1025 3071 1049 3115 2.
1063 3069 1086 3115 8.
1097 3081 1155 3115 cum
1167 3065 1239 3115 Lind.
1252 3064 1315 3115 cod.
1348 3065 1401 3113 Re·

312 3125 376 3188 tiqui
388 3135 492 3175 cervant
501 3143 557 3190 ιιοιι,
574 3127 623 3176 nisi
634 3127 701 3190 qnod
714 3127 780 3176 abrit
793 3128 826 3175 ab
838 3141 887 3176 uno
899 3128 1029 3192 nitoreque
1040 3129 1109 3178 Oud.
1121 3137 1148 3178 et
1159 3129 1225 3178 Edd.
1236 3129 1331 3179 Sabeit.
1343 3129 1400 3179 Me·

313 3189 374 3237 diui.
387 3190 460 3239 Catu.
470 3191 497 3240 ai
512 3196 539 3239 tu
554 3205 578 3240 ιι.
595 3207 619 3240 ο.
635 3190 732 3239 Medic.
742 3196 766 3240 a.
786 3190 863 3239 vind.
881 3196 905 3239 l.
924 3191 995 3240 Dun.
1014 3194 1070 3257 cuj.
1104 3194 1184 3242 Panto
1197 3193 1340 3242 antedeeet
1350 3192 1400 3254 ipae

312 3253 427 3315 cop-e
438 3253 468 3303 Si
477 3269 531 3317 pop.
543 3254 609 3304 Duo.
633 3254 723 3316 Populo
735 3255 839 3303 Rotam
848 3253 926 3304 Vind.
935 3260 958 3305 t.
971 3256 1068 3306 Medic.
1076 3261 1100 3306 2.
1110 3256 1166 3320 (qui
1178 3265 1287 3306 otcaret
1296 3257 1333 3318 τᾷ
1341 3255 1400 3320 ιιοιο)

313 3315 379 3390 Cup.
391 3316 506 3378 Harteur.
517 3318 583 3368 Edd.
596 3318 662 3365 Ven.
673 3317 745 3367 Catd.
760 3317 1069 3380 Meu.1.ugd.tunt.-ro
1080 3322 1187 3382 opponit.
1199 3321 1278 3369 Vind.
1287 3326 1310 3369 l.
1331 3320 1398 3368 Dein

311 3379 429 3428 codicibus
437 3380 508 3430 Cort·
519 3380 585 3429 Edd.
598 3381 671 3429 Rom·
688 3383 808 3430 Ceterum
820 3381 845 3428 in
859 3382 929 3431 Rom.
939 3397 990 3432 aec.
1001 3383 1193 3446 idsueerejuteb.
1201 3383 1269 3447 quod
1281 3383 1397 3432 Latinius

313 3450 389 3507 putat
401 3444 489 3493 Burm·
514 3443 671 3493 Purticutam
682 3449 707 3492 ut
719 3446 842 3492 omittunt
850 3445 922 3495 Cort.
934 3447 1025 3510 Cemp.
1038 3448 1165 3511 probante
1176 3447 1245 3498 Oud.
1256 3451 1282 3496 ut
1292 3447 1318 3494 id
1320 3446 1397 3508 steret

801 3603 909 3656 NOTAE

343 3725 355 3751 ν
371 3715 467 3776 reboo,
478 3717 530 3780 ta]
543 3717 586 3767 De
596 3719 690 3781 Ulysre
701 3717 799 3768 dictu·
817 3734 833 3768 a
905 3728 922 3754 '
939 3721 1073 3786 Guiedtia]
1089 3721 1206 3772 codicilli
1213 3725 1272 3770 suut
1281 3719 1396 3783 aliquan·

310 3792 440 3842 Diomede
451 3793 476 3840 iu
488 3793 596 3842 concilio
606 3793 767 3856 Graecorum,
777 3807 834 3844 cunr
873 3793 907 3845 du
927 3797 1052 3848 chartule
1078 3797 1194 3861 quiedam
1223 3793 1395 3859 complicata,

310 3869 337 3917 iu
344 3870 456 3934 Trojano
467 3879 553 3922 cestra
563 3874 725 3935 speculatum
742 3873 834 3934 iturus,
872 3871 925 3920 tino
944 3874 1070 3938 trajecta,
1091 3881 1117 3922 et
1134 3872 1287 3935 obsignate,
1305 3869 1396 3935 quibua

310 3943 378 3994 burro
389 3947 435 3995 sibi
448 3947 545 3996 socium
557 3947 680 4010 postulat.
697 3947 773 3998 Iliad.
786 3961 815 3998 x.
871 3948 991 3998 mandata
1013 3947 1192 4009 mittebantur,
1222 3945 1396 4010 dicunturque

342 4025 354 4050 '
370 4021 576 4084 Agrippujauerre]
591 4021 689 4071 Tiberii
701 4022 830 4085 privigno,
870 4021 1019 4086 diplomata.
1051 4023 1201 4072 Suutetiem
1213 4034 1283 4084 rape
1294 4019 1397 4084 private

310 4091 442 4151 eJusen'uu
455 4105 562 4146 matrem
575 4095 695 4158 duxerat,
713 4105 831 4160 utsupra
870 4096 959 4147 charta
985 4097 1108 4160 qusquis
1129 4097 1226 4159 absque
1247 4095 1397 4144 testamenti

309 4176 388 4225 sepe.
419 4169 522 4219 Tertius
533 4177 591 4218 eret
602 4169 728 4234 Agrippas
741 4171 829 4222 extu·
868 4173 1065 4222 solennitatibus
1076 4185 1107 4220 οι
1117 4169 1250 4232 describit,
1262 4183 1319 4232 quar
1336 4174 1397 4229 post

307 4239 341 4290 lit
351 4237 428 4290 filius·
868 4255 976 4297 mortem
987 4261 1058 4297 suam
1069 4245 1125 4296 deri
1137 4247 1200 4297 ruit.
1217 4245 1326 4308 August.
1338 4257 1398 4308 cap.
