3120 4926
292 379 336 445 ts
722 392 756 438 c.
776 389 956 440 sunronn

293 538 578 620 obstinatosque²
605 533 650 598 ed
671 533 890 598 resistendum
914 532 1190 598 et'rncucurrisue³
1218 533 1388 610 cernebat,

293 639 381 702 hunc
403 636 540 719 quidem
561 635 728 700 notionem
748 633 917 716 deposuit.
960 633 1043 717 [16.]
1065 633 1221 698 Ceterum
1243 633 1388 698 Caecilie

293 739 457 815 liletello,¹
476 737 626 802 (tribuno
646 735 767 818 plebis,
789 735 1091 802 turbulentissimas
1112 735 1206 815 teges
1223 733 1388 800 adversus

292 841 516 922 collegarum·
529 836 805 902 intercessionem
827 835 956 914 inere,
978 841 1150 900 cnutonem
1164 841 1387 918 propugnato·

291 959 433 1024 remqrm
449 959 487 1004 se
501 937 765 1022 pertinacissime
775 937 948 1020 prrestitit3
970 937 1077 1002 donec
1089 936 1213 1002 esebo4
1227 935 1389 1000 adminis-

291 1043 433 1109 tratione
466 1035 708 1122 Rteipntrlicrel
741 1035 878 1102 demeto
912 1037 1054 1104 Petrum
1091 1045 1388 1102 amoverentur.

292 1142 369 1208 Ac⁵
383 1140 490 1206 nihilo
511 1141 621 1204 mirus
635 1157 828 1221 permanere
850 1140 885 1202 in
910 1141 1116 1223 magistratu,
1138 1145 1175 1204 ct
1194 1139 1253 1222 jes
1277 1137 1388 1202 dicere

289 1263 403 1322 eusns,
419 1250 458 1307 nt
469 1241 637 1325 comperit
647 1245 796 1323 puratos,
810 1241 868 1323 qni
880 1243 913 1306 ri
929 1257 970 1306 sc
985 1258 1047 1324 per
1060 1255 1153 1306 erma
1164 1237 1388 1324 prohiberent,

290 1343 440 1408 dimissis
468 1341 667 1418 lictoribus,e
697 1339 893 1424 abjectaque
918 1337 1272 1428 praetermittentem
1298 1340 1388 1404 clam

290 1445 425 1527 refugit,
437 1462 500 1526 pro
511 1441 704 1506 conditione
716 1449 900 1525 temporum
917 1441 1103 1524 quieturus.
1136 1439 1394 1538 lilultitudiuem⁸

289 1563 436 1630 quoque,
450 1543 555 1608 biduo
566 1550 645 1626 post
653 1549 777 1626 sponte
791 1553 826 1608 et
838 1543 925 1610 ultro
939 1543 1172 1619 confluentem,
1183 1559 1388 1624 operamque

288 1646 354 1709 sibi
365 1646 400 1708 in
413 1643 600 1708 asserendo
610 1642 791 1724 dignitate·
803 1644 1042 1710 tumultuosius
1055 1643 1284 1726 pollicentem,
1296 1661 1389 1706 com·

289 1744 433 1832 pcscuit
477 1742 582 1823 Quod
597 1761 674 1809 cum
689 1748 809 1826 praeter
824 1745 1018 1828 opinionem
1031 1747 1214 1822 evenisset,
1229 1743 1386 1822 Senatus,

288 2011 336 2056 -1
358 2005 462 2056 Relictct
476 2005 602 2054 Voss-²
619 2003 690 2054 terr.
702 2003 775 2066 legit,
783 2005 924 2068 freqmtes
938 2005 1119 2064 destimud,
1134 2003 1201 2068 quod
1218 2004 1314 2067 protm
1324 2003 1387 2052 'lor-

288 2075 358 2120 rent.
390 2069 496 2119 Deinde
507 2068 677 2128 desistentium,
687 2081 735 2130 pro
744 2081 789 2118 rer.
800 2068 878 2118 Vind.
890 2073 963 2118 l.-··t
973 2069 1016 2118 Its
1024 2070 1131 2118 Memm.
1144 2067 1215 2117 Med.
1225 2073 1250 2117 2.
1259 2068 1386 2130 misse,
1434 2074 1437 2082 ’

288 2131 484 2184 Vind.2.Cort.
502 2133 580 2196 Vulg.
597 2130 751 2190 mmmm,
767 2146 844 2195 quarn
864 2133 947 2182 secuti
965 2141 1027 2182 runt
1045 2133 1134 2181 Bnrm.
1150 2131 1258 2194 Rip-t
1275 2133 1340 2182 cum
1360 2131 1387 2181 is

288 2197 372 2247 tribus
383 2197 455 2247 Med.
466 2210 541 2261 esque
550 2211 582 2245 sc
594 2196 688 2259 Copes.
700 2203 729 2246 ct
736 2195 812 2246 Voss.
822 2206 948 2246 exaretur
955 2199 987 2245 ab
997 2197 1180 2258 ministratione,
1188 2202 1217 2244 et
1225 2196 1315 2259 (temp.
1325 2209 1388 2258 qno·

289 2275 340 2326 qne
350 2278 366 2310 c
375 2259 479 2311 crisim
491 2260 593 2311 omuino
605 2259 781 2322 recipiendum
793 2261 896 2310 censuit
909 2261 983 2310 Ond.
1003 2263 1158 2324 scripturum
1177 2261 1249 2309 cort.
1266 2259 1296 2308 ri
1310 2259 1388 2308 adsti-

288 2325 439 2388 unitationis,
456 2331 487 2374 nt
496 2325 547 2386 legi
557 2325 690 2437 petreium
703 2323 803 2373 rncnnit
814 2323 902 2373 Bnrm.
914 2331 941 2374 et
953 2325 1019 2374 utin
1032 2325 1111 2373 Bcrn.
1120 2329 1144 2373 i.
1152 2323 1264 2386 Guelplr.
1277 2329 1388 2386 ermqre

288 2393 381 2454 pestes
397 2389 498 2439 invenit
509 2389 559 2438 We
571 2387 639 2437 i-t
657 2389 692 2437 At
702 2387 777 2438 Jnnt.
795 2386 859 2439 nid.
872 2387 986 2452 Argeo
1001 2389 1043 2438 Ad
1060 2390 1157 2438 eunden
1171 2393 1255 2437 cetum
1267 2387 1349 2437 Rhed.
1362 2391 1387 2437 l.

782 2513 890 2564 NOTAE

288 2612 333 2678 qul
343 2610 492 2676 frequentet
503 2624 550 2674 pro
561 2624 633 2661 more
644 2608 764 2672 ederent,
775 2611 814 2674 ip·
855 2625 946 2677 nsque,
963 2612 1035 2662 illurn
1055 2609 1197 2675 composito
1214 2609 1337 2674 petierat,
1356 2617 1386 2661 nt

287 2703 367 2753 toque
385 2702 457 2752 raepe
475 2686 581 2751 populo,
600 2687 758 2751 crpitolinm
774 2702 815 2737 se·
855 2686 976 2748 Metello,
1000 2700 1077 2752 qoem
1106 2686 1292 2746 turbulentum,
1317 2691 1346 2735 et
1368 2699 1385 2734 s

285 2763 429 2816 cridrstnri
437 2762 655 2813 conscendebant.
855 2760 983 2825 Pompelo
1000 2761 1187 2824 sepertinere
1204 2759 1386 2822 suspicabatur

318 2837 445 2888 *cestio
463 2836 707 2900 Metelle1cstiliner
727 2838 817 2901 conjn-
855 2835 986 2898 edoctum,
1000 2835 1189 2886 intercederet:
1207 2835 1343 2884 tribunitii
1358 2850 1386 2884 e·

286 2911 395 2964 reticuit
422 2912 558 2962 occasione
592 2912 680 2975 plures
707 2912 817 2961 excitati
856 2911 908 2960 nim
920 2917 1037 2976 potestus
1048 2911 1081 2960 sd
1092 2909 1284 2974 impediendum
1302 2910 1384 2972 tnagis

287 2993 350 3038 tunc
369 2986 493 3050 temporis
505 2986 538 3035 sd
549 2999 627 3036 nores
646 2999 688 3036 rer
699 2985 816 3050 inturge-
855 2995 896 3037 ert
908 3001 985 3052 quern
996 2985 1030 3036 sd
1041 2986 1175 3050 egendum.

285 3062 360 3124 brut,
377 3069 536 3125 qnepropter
555 3061 680 3110 Metellus
701 3061 761 3124 iste,
772 3062 816 3112 cui
886 3063 1128 3113 isdnisistrutr'cre
1139 3059 1294 3123 Reipndtira]
1310 3059 1385 3110 Prre·

286 3137 378 3202 liepcr
397 3149 540 3199 cognomen
557 3135 617 3192 init.
633 3136 741 3199 petendi
759 3136 814 3186 Trl·
855 3143 916 3188 turs
932 3152 1026 3202 nempe
1037 3139 1134 3203 θεων,
1147 3147 1176 3188 et
1193 3137 1316 3187 Meteilus
1338 3137 1384 3185 tri·

285 3213 398 3264 inustus
416 3224 482 3273 ergo
499 3223 619 3260 reversus
636 3217 677 3260 est
695 3223 728 3260 er
742 3211 815 3276 Asis,
854 3214 960 3265 bunstn.

286 3286 589 3351 ubttuucdegebrtcnm
598 3289 732 3352 Pompeio.
749 3289 818 3353 Dig-
887 3296 899 3322 ⁶
917 3288 1170 3354 Diniairticteriirrs]
1183 3289 1384 3356 Qnoporsetig·

285 3365 396 3417 nttstern
415 3363 525 3426 adeptus
541 3364 623 3427 legem
636 3362 706 3414 terre
716 3363 817 3414 nitcbr·
853 3370 929 3413 notus
940 3363 1062 3414 eredere.

287 3445 341 3494 tur,
350 3437 516 3501 qnajrbsbn
524 3438 644 3487 eeceniri
651 3451 709 3486 cum
718 3439 817 3488 exerci-
848 3443 852 3452 “
885 3437 1054 3504 ‘PraetetrtrJ
1072 3439 1274 3504 Mrgistrstuum
1292 3443 1384 3494 Sacer-

285 3517 316 3564 tu
325 3510 480 3575 Pompeium
489 3525 522 3559 cx
535 3510 661 3575 Asichon
673 3517 816 3574 pretextu,
852 3513 1002 3578 dotemque,
1021 3517 1091 3565 sieut
1107 3522 1135 3564 et
1151 3528 1289 3578 puerorum
1311 3517 1383 3567 nobi·

285 3587 435 3650 strideret,
447 3599 480 3636 ne
492 3585 553 3651 qctd
566 3586 725 3650 Respublica
736 3586 816 3637 detrr·
850 3587 923 3650 lium,
933 3592 1014 3640 vertit
1024 3592 1081 3640 urso
1092 3598 1167 3652 eutr
1177 3604 1286 3655 qnomm
1296 3601 1383 3643 temen

283 3666 366 3718 nenti
377 3671 495 3730 caperet,
513 3663 560 3714 red
570 3678 673 3728 revers,
683 3671 713 3714 ut
729 3662 813 3716 fretus
853 3663 965 3714 nnete·
980 3673 1116 3728 pretextu
1132 3672 1217 3715 utrnrn
1228 3665 1383 3717 discriminis

284 3743 403 3793 exercitu
414 3739 553 3803 Pompeius
566 3739 693 3804 Rempub.
703 3737 813 3789 arbitrr·
853 3739 922 3790 inter
946 3755 974 3792 sc
996 3743 1128 3808 quidpiam
1151 3743 1286 3803 heberent,
1312 3745 1380 3794 land

284 3823 315 3868 tn
329 3829 375 3866 tuo
392 3823 571 3880 componeret.
603 3816 713 3866 Metelle
724 3824 813 3866 sutem
852 3820 993 3882 comperio.

283 3891 334 3955 ipsi
348 3892 437 3942 Caerrr
455 3889 537 3954 affuit,
554 3897 583 3941 ut
599 3892 718 3957 Pompeii
733 3905 812 3942 sucu·
884 3897 1041 3946 ‘Anererdn
1051 3895 1180 3960 dignitate]
1197 3896 1256 3947 Hoc
1274 3904 1325 3958 est,
1340 3895 1384 3945 de-

282 3975 391 4031 pertin
403 3968 619 4019 benevolentium.
851 3967 982 4020 tendenda
998 3985 1044 4020 ren
1061 3970 1218 4020 vindicandi
1237 3971 1384 4036 dignitate;

317 4049 330 4076 ⁸
346 4042 510 4108 causeam]
532 4043 637 4094 cetenis
656 4043 812 4107 presertim,
851 4045 922 4096 illem
932 4047 1011 4109 eninr,
1021 4047 1042 4095 si
1055 4047 1235 4096 tumultuosius
1250 4045 1311 4112 qnid
1323 4061 1383 4112 ege·

282 4116 328 4182 qni
339 4129 397 4168 cunr
408 4115 565 4168 stribnnrtu
574 4118 699 4182 petendo,
707 4119 812 4170 bortru-
851 4121 913 4186 rint,
924 4121 1002 4184 vulgo
1013 4128 1163 4185 proetexunt
1173 4121 1321 4186 optimates.

284 4192 352 4244 ntur
362 4193 427 4244 licet
436 4193 536 4256 rntctr,
545 4208 574 4246 re
585 4193 752 4246 Mumsset
761 4197 811 4248 truc
