3216 4918
675 405 865 456 erasurus.
1249 396 1314 462 ⁴4⁷

226 559 303 616 ests
334 549 377 614 Et
388 548 502 614 statim
518 567 562 612 ex
574 546 898 627 itinerarerocetus}
917 550 987 633 J'am
999 551 1131 634 quidem
1147 551 1313 630 affectum,

228 653 287 719 sed
301 658 409 716 tamen
422 652 602 733 spirantem
618 647 727 714 adbuc
743 649 930 731 Angustum
946 653 1078 736 reperit,
1097 653 1232 736 fuitque
1247 673 1315 719 una

228 761 355 820 secreto
375 771 433 835 per
449 750 579 816 totum⁸
599 751 700 816 diem.
744 749 834 826 Scio,
857 751 958 834 vulgo
977 771 1184 834 persuasum,
1204 755 1315 837 quasi,

227 873 360 934 egresso
376 861 456 936 post
470 858 635 918 secretum
650 869 834 916 sermonem
849 851 998 930 Tiberio,
1013 871 1082 918 vox
1094 843 1238 936 Augusti
1255 875 1315 938 per

227 951 470 1020 cubiculariosk
493 958 635 1036 excepta
654 954 713 1018 sit:
736 953 920 1016 ‘Miserum
939 953 1101 1036 populum
1116 955 1316 1032 Romanurn,

227 1056 359 1138 quisub
370 1063 437 1120 tarn
448 1055 549 1119 lentis
557 1053 726 1116 maxillis⁹
739 1050 839 1120 crit.'¹
862 1053 937 1119 Neo
948 1054 1035 1118 illud
1047 1055 1180 1137 quidem
1191 1056 1316 1138 ignoro,

227 1159 358 1240 aliquos
370 1157 554 1232 tradidisse,
566 1153 756 1248 Augustum
772 1154 885 1239 palam
905 1174 968 1219 nec
982 1155 1226 1220 dissimulanter
1245 1177 1317 1220 mo·

228 1277 298 1322 rum
325 1258 398 1338 ejus
421 1258 585 1323 diritatem
596 1265 652 1296 ¹⁰¹³
677 1256 764 1322 adeo
782 1257 1002 1341 improbasse,
1016 1261 1056 1321 ut
1077 1277 1316 1342 nonuunquam

226 1359 455 1424 remissiores¹
484 1356 724 1443 hilariumque
763 1377 942 1436 sermones,
978 1359 1229 1441 superveniente
1264 1377 1317 1436 eo,

228 1463 455 1544 abrumperet:
479 1461 537 1524 sed
556 1467 784 1544 expugnatum
803 1460 959 1542 precibus
973 1459 1089 1522 uxoris
1104 1459 1318 1541 adoptionem

227 1581 293 1625 uon
309 1563 483 1639 abnuisse3
505 1560 558 1624 rel
584 1561 684 1624 etiam
708 1561 890 1624 ambitione
915 1565 1131 1630 tractum,²ut
1154 1559 1214 1624 tali
1242 1577 1319 1624 suc·

229 1680 363 1724 cessorc
393 1660 669 1725 desiderabilior”
696 1659 772 1741 ipso
799 1660 1001 1743 quandoque
1022 1661 1123 1724 lieret.
1183 1657 1318 1723 Adduci

228 1767 334 1824 tamen
349 1780 488 1846 nequeo,
504 1763 582 1844 quin
594 1761 795 1837 existimem,
810 1760 1186 1842 circumspectissimum
1195 1767 1232 1824 et
1242 1779 1320 1843 pru·

228 1861 459 1928 dentissiruum
479 1861 686 1944 Principem,
705 1862 738 1926 in
759 1869 854 1926 tauto
873 1861 1061 1945 praesartim
1077 1863 1220 1946 negotio,
1236 1860 1320 1925 nibil

231 2142 254 2187 ι.
265 2135 307 2200 qul
320 2148 380 2184 mcx
388 2140 442 2197 past
451 2140 598 2184 secreta-9
618 2135 717 2186 Vecillis
727 2135 827 2186 Viterb.
858 2135 926 2186 Dein
941 2137 991 2186 edit
1010 2137 1036 2186 in
1047 2135 1124 2188 duob.
1134 2136 1208 2186 Torr.
1219 2135 1278 2186 Pal.
1288 2142 1321 2188 tr.

230 2201 302 2250 Cort.
314 2197 381 2247 Edd.
396 2199 466 2246 lloru.
481 2197 562 2256 Laud.
574 2199 648 2250 lunt.
659 2197 724 2260 Arg.
734 2199 835 2276 Grypb.
848 2199 974 2262 probante
982 2199 1059 2250 Grut.
1074 2201 1151 2248 ederet
1163 2199 1223 2249 illd.
1232 2201 1320 2262 Stepb.

229 2263 321 2314 licius.
333 2262 420 2310 mallet
430 2261 500 2324 perit.
518 2263 613 2312 Statim
625 2277 653 2311 ss
661 2263 720 2312 iliad
730 2262 812 2312 cdldrt
821 2262 891 2314 Oud.
903 2271 931 2312 et
940 2271 1065 2326 postcom
1077 2261 1158 2312 Wolf.
1168 2264 1252 2312 secuti
1263 2263 1320 2312 ble-

231 2326 280 2376 dic.
294 2335 358 2389 tres,
370 2323 450 2374 Polit.
466 2325 544 2374 Vind.
560 2333 704 2390 utrrsmque,
716 2327 773 2386 Cuj.
788 2326 919 2390 aliosque:
936 2342 1009 2390 srsqse
1029 2335 1059 2378 ut
1089 2326 1164 2376 assim
1176 2333 1235 2375 ante
1246 2341 1321 2376 rocs-

230 2393 280 2440 lam
299 2390 339 2438 rel
356 2389 538 2451 aspirationem
557 2390 605 2440 Ed.
622 2391 763 2438 Tora-10
782 2389 922 2439 Duritctesrs
938 2391 983 2440 lib.
1000 2363 1051 2440 duo
1067 2342 1139 2440 iorr.
1158 2404 1216 2438 cum
1235 2389 1321 2440 Paris.

232 2454 348 2503 Heriem.
363 2453 447 2503 Nouo.
457 2453 528 2502 cort.
539 2461 566 2503 ct
578 2453 643 2502 Edd.
655 2463 715 2502 aute
727 2453 847 2502 Beroald.
856 2455 973 2518 aliaque.
1002 2454 1073 2516 Lips.
1082 2453 1194 2502 damtim
1205 2452 1321 2512 praeterr.

230 2521 277 2570 -l
288 2518 446 2568 &minium
456 2517 551 2568 Medic.
562 2523 587 2568 2.
598 2526 626 2566 et
640 2525 732 2581 postes
741 2519 892 2582 asperrdcss.
902 2518 1042 2582 erup-a
1056 2517 1192 2568 bruera
1203 2515 1253 2567 Ed.
1261 2517 1322 2568 Seb.

621 2641 626 2647 ’
719 2675 830 2726 norm

263 2777 393 2828 chsditc
418 2776 503 2838 lustro]
528 2777 602 2824 Tunc
633 2771 756 2836 temperis
797 2770 885 2822 dicere
895 2769 998 2822 solitum
1020 2768 1110 2832 refert,
1126 2767 1322 2832 relinquendum

233 2852 344 2916 Augusti
363 2853 463 2915 college
480 2857 546 2912 erat,
559 2864 638 2912 snpra
656 2850 683 2898 tu
702 2847 755 2898 Au·
796 2859 850 2894 asc
868 2859 1040 2898 successoren
1052 2859 1121 2907 conr,
1138 2843 1183 2908 qui
1195 2845 1268 2894 dere
1280 2857 1320 2892 aa·

233 2933 395 2990 gustuum.
796 2921 989 2985 dsmuuuqrsarc
999 2921 1038 2969 bis
1047 2921 1186 2984 cogitaret.
1216 2919 1323 2968 Tacitus

263 3003 275 3037 ¹²
293 3001 428 3066 Illyricam]
443 3003 530 3064 Supra
541 3013 598 3064 cap.
610 3003 650 3048 lc.
798 3003 883 3045 tamen
896 2997 940 3046 lib.
952 3009 970 3044 r.
983 2995 1077 3044 Anasi.
1100 2994 1217 3043 ‘lltarss
1232 2991 1265 3040 sd
1278 3005 1323 3040 cx·

264 3087 276 3132 l
295 3079 326 3128 Α.
337 3079 369 3126 U·
381 3077 410 3125 c.
422 3079 478 3126 ⁷⁶⁷.
796 3072 892 3119 ercitns
909 3077 1032 3135 ,tauquam
1049 3068 1146 3130 adepto
1166 3065 1322 3128 Principatu

265 3149 271 3183 ¹
289 3151 430 3213 Βευοοαέιω]
446 3148 513 3197 Vlde
524 3149 551 3196 in
564 3147 682 3211 Augusto
697 3159 755 3208 rap.
797 3145 1005 3207 mistt,nusquarn
1012 3140 1199 3202 cantabundus,
1207 3137 1257 3188 nisi
1264 3153 1323 3189 curn

233 3231 274 3277 98.
297 3225 340 3275 ubi
359 3224 534 3285 discrepantia
561 3235 639 3284 super
660 3221 709 3270 lssc
729 3234 757 3271 sc
797 3220 930 3268 lnSsuatn
943 3215 1110 3281 loqueretur.'

234 3300 421 3351 Historirorum
434 3294 588 3345 testimonis.
830 3303 848 3330 Ι·
864 3293 1006 3356 Diritclsrrs]
1023 3294 1139 3356 licceat,
1156 3290 1322 3342 acerbitatem

266 3374 277 3409 ¹¹
296 3372 467 3436 Cubiculariss]
486 3373 526 3421 Da
541 3369 580 3420 bis
593 3369 689 3419 Dorult.
699 3383 757 3433 esp.
798 3367 1024 3420 stiutolcrsntiam
1034 3381 1140 3428 morum,
1150 3374 1178 3415 ut
1186 3363 1254 3415 infra
1264 3379 1323 3427 cap.

236 3456 276 3503 17.
289 3449 453 3501 commodius.
798 3449 839 3494 etl.
872 3443 1094 3494 luducbusblss.
1115 3441 1245 3491 daritstm
1261 3440 1324 3488 Tor·

266 3527 272 3560 ¹
288 3527 373 3577 Lentis
389 3524 493 3574 snudlls
510 3523 568 3586 erit]
592 3519 758 3573 casaubonus
798 3519 895 3568 rectius
906 3520 1014 3579 legarat.

236 3601 261 3648 ln
272 3600 431 3650 viterbiensi
454 3599 558 3661 legabat
569 3599 628 3658 cds't,
638 3609 687 3645 nec
699 3609 758 3658 pro·
832 3599 844 3628 ⁸
860 3592 1058 3655 Desiderabitisr]
1075 3590 1180 3640 Tacitus
1195 3589 1291 3638 Annal-
1303 3601 1323 3638 r.

235 3675 314 3730 bavit,
323 3675 436 3738 quamvis
446 3675 515 3723 tdarrs
528 3673 633 3721 verbum
644 3685 676 3720 as
695 3670 757 3721 duo·
798 3682 915 3718 rumores
926 3666 1024 3716 funeris
1034 3666 1078 3714 dia
1086 3677 1187 3729 sparsos
1198 3662 1323 3726 refereris,

235 3747 283 3797 bus
305 3749 366 3796 Mas.
382 3749 533 3797 Tonantius
552 3761 601 3795 uon
621 3745 757 3809 improbet.
800 3751 853 3793 ‘uc
874 3743 1005 3791 Tiberium
1027 3739 1129 3805 quiricus
1150 3738 1260 3788 caritate
1279 3745 1324 3788 eat

236 3825 376 3886 Comparst
396 3824 491 3871 lentam
509 3822 606 3870 'liberii
626 3821 757 3870 morostts·
798 3816 961 3881 Relpubllcss
987 3829 1050 3865 curs
1066 3825 1240 3864 successorem
1258 3813 1324 3862 ascl·

235 3908 286 3948 rem
298 3899 389 3946 beatiss
400 3911 486 3955 saara,
500 3909 558 3959 quse
569 3893 690 3944 dentibus
701 3907 758 3956 prs·
799 3901 870 3942 tum:
888 3889 932 3940 ssd
944 3891 1063 3954 qnoniam
1082 3887 1254 3951 arrogantiam
1274 3897 1323 3936 sse·

235 3976 342 4025 irensum
353 3973 470 4022 cruciatu
488 3974 564 4034 longo
583 3977 671 4030 reret,
685 3975 758 4019 ante·
798 3966 938 4030 sitiantque
949 3964 1005 4027 sins
1016 3962 1211 4026 introspexerit,
1220 3975 1323 4024 comps·

236 4065 312 4115 quam
325 4049 453 4099 conficiat.
465 4048 573 4097 Leccam
585 4046 650 4093 banc
660 4044 758 4093 'liberti
798 4040 898 4089 rstlcus
909 4039 1049 4088 deterrima
1058 4036 1106 4087 sibl
1115 4037 1221 4102 glorians
1230 4035 1323 4100 quarsi-

235 4125 346 4175 indolem
358 4123 512 4172 Plutarchus
524 4119 602 4170 dubio
620 4119 708 4182 procul
720 4119 757 4168 lu·
797 4113 886 4165 risse’
898 4114 951 4165 Dio
962 4112 1008 4164 lib·
1018 4125 1074 4162 avt·

236 4201 293 4250 nuit
311 4200 337 4248 lu
349 4197 532 4258 Problematts,
544 4209 601 4246 rum
615 4196 759 4258 Augustum
