3228 4914
306 407 372 474 480
733 419 764 468 o.
786 415 961 466 suarouu

308 566 465 649 teposuit,
482 565 525 628 ob
541 568 676 646 epotam
698 563 730 626 in
750 561 917 637 convivio,
941 560 1139 642 propinante
1163 575 1210 635 se,
1232 557 1303 624 uini
1325 575 1394 622 am·

307 669 473 750 phorum.u
516 663 670 728 Asellio4
683 662 808 727 Sabino
831 661 985 726 sestertia
1005 661 1148 726 ducenta
1158 667 1172 692 '
1186 659 1323 724 donavit
1336 678 1395 740 pro

307 768 475 848 dialogo,w
489 767 522 830 iu
537 785 604 848 quo
620 765 749 839 boleti*
763 771 798 826 et
811 761 991 837 ficedulae,¹
1014 767 1046 825 et
1067 765 1213 837 ostreae,¹
1234 765 1268 824 et
1287 758 1397 822 turdi·

307 875 473 933 certamen
494 867 682 930 induxerat.
726 863 861 928 Novum
882 863 1027 945 denique
1049 861 1195 927 officium
1219 859 1397 924 instituite

308 966 564 1050 voluptatibus?
591 965 794 1048 praeposito⁵
825 965 947 1047 Equite
978 963 1144 1040 Romano,
1171 962 1214 1026 Τ.
1237 959 1396 1026 Caesonio

308 1069 439 1138 Prisco.
483 1067 566 1151 [43.]
588 1069 731 1132 Senessu
753 1085 834 1132 vero
850 1062 1058 1148 Capreenai⁶
1074 1064 1176 1131 etiam
1192 1063 1396 1128 sellariam⁷⁰

305 1409 332 1445 ae
343 1393 519 1444 Medin.l.-l
535 1393 566 1443 ln
577 1407 627 1442 uno
642 1392 687 1442 lib.
697 1393 771 1443 'l'orm
782 1392 816 1442 Δ.
828 1391 909 1442 Saltim
942 1391 1011 1440 Dein
1027 1389 1102 1442 oatrr’u
1120 1389 1226 1440 Menum.
1241 1392 1320 1437 eatren
1338 1387 1395 1438 Me·

307 1459 359 1508 dle.
370 1465 391 1508 l.
402 1463 426 1508 a.
436 1459 499 1520 eon
510 1465 537 1507 et
550 1458 637 1508 Cutlui
649 1457 764 1506 Harlern.
780 1455 836 1520 (qui
850 1464 877 1504 et
888 1454 965 1568 trud?
978 1455 1027 1504 Ed.
1038 1457 1104 1504 Veu.
1117 1459 1141 1504 l.
1174 1454 1205 1502 ln
1220 1453 1317 1503 Medio.
1331 1457 1354 1501 1.
1373 1455 1396 1500 3.

306 1523 452 1578 indixerunt,
469 1523 534 1583 Cep.
547 1521 809 1570 Hule.iudixerat.-ti
828 1521 928 1581 Proper.
963 1519 1023 1568 eriz.
1035 1519 1151 1568 Heriem.
1167 1517 1233 1565 Edd.
1244 1517 1310 1564 Vera.
1322 1515 1395 1564 Med·

308 1587 382 1635 Cald.
395 1586 477 1648 Lugd.
487 1585 561 1637 Junt.
572 1585 631 1634 Ald.
645 1584 671 1632 lu
685 1583 778 1647 quibua
795 1597 852 1632 cnm
868 1583 925 1631 allia
936 1589 963 1630 et
974 1597 1024 1631 nuo
1036 1582 1100 1631 Cod.
1109 1583 1181 1630 Torr.
1190 1586 1213 1629 et
1228 1579 1339 1628 ceramo
1351 1579 1397 1627 Pr.

310 1650 435 1712 Campet
449 1650 564 1705 Coeaem'e,
588 1648 668 1710 Lugd.
693 1649 767 1698 Junt·
792 1648 819 1696 T.
841 1648 932 1695 Cerea.
954 1646 1015 1710 Cuj.
1031 1646 1086 1694 lito
1108 1645 1263 1694 Ceruaria-6
1282 1643 1398 1704 Caprensi

308 1714 414 1762 Memm.
433 1713 529 1761 Medic.
539 1716 564 1760 8.
581 1718 639 1761 nter
656 1725 689 1759 ue
700 1711 777 1759 vind.
790 1711 861 1759 Cort.
875 1711 948 1759 Voaa.
964 1711 1040 1758 Foue.
1061 1708 1144 1757 Peria.
1164 1709 1278 1756 Heriem.
1291 1705 1356 1766 Cep.
1367 1712 1396 1755 et

307 1776 375 1824 Edd.
385 1777 504 1825 vett—l
516 1775 618 1825 Sellnra'o
660 1789 735 1822 emm.
745 1773 804 1822 Pal.
814 1777 836 1821 l.
847 1777 871 1820 2.
881 1786 937 1820 eum
949 1772 1025 1820 duob.
1036 1771 1204 1835 exemplerlb.
1214 1771 1286 1819 Torr.
1299 1769 1397 1818 Medio.

309 1843 332 1890 l.
343 1843 367 1888 ⁸.
379 1839 463 1889 Vetto.
475 1839 541 1888 Edd.
554 1839 674 1888 Beroald.
686 1837 746 1886 Ald.
758 1850 865 1900 eamque
877 1837 937 1886 lent.
950 1836 1068 1900 probarit
1078 1837 1152 1886 Torr.
1176 1834 1294 1885 Selium
1304 1833 1360 1885 Pal.
1373 1837 1397 1882 3.

801 2013 907 2064 NOTAE

340 2133 351 2158 ¹²
367 2125 522 2192 duplorum]
539 2127 607 2178 Haeo
624 2131 664 2178 eat
677 2125 832 2192 liquidorum
872 2123 1054 2188 delralatur,ai
1065 2124 1212 2176 Martialem
1225 2123 1323 2181 audiar,
1337 2122 1396 2188 Epi·

307 2215 436 2264 mensura,
454 2217 560 2264 quarum
579 2209 666 2266 parter
681 2203 727 2252 baa
753 2201 834 2252 refert
872 2201 1157 2266 grammateaequentl:
1175 2201 1255 2251 ‘Cum
1273 2215 1314 2249 me
1332 2197 1396 2248 bour

308 2277 420 2327 Budana
440 2278 484 2327 lib.
506 2293 533 2330 v.
544 2279 578 2329 de
604 2280 682 2330 Arae.
705 2279 834 2343 Cepiebat
871 2278 932 2339 alat,
944 2285 971 2325 et
983 2290 1075 2339 parear
1086 2274 1204 2325 dulcilaua
1212 2275 1276 2332 uria,
1288 2273 1341 2323 Cur
1351 2287 1396 2324 no·

308 2367 385 2402 nruaa
396 2354 471 2418 duaa,
482 2355 581 2404 medina
591 2361 654 2416 tren,
666 2356 772 2419 congios
790 2369 834 2404 oe·
870 2367 930 2401 meu
942 2353 1026 2414 potina
1039 2367 1088 2400 uon
1101 2349 1174 2400 dedit
1186 2366 1236 2400 naa
1247 2350 1308 2400 mibi
1315 2349 1333 2399 i’

308 2431 746 2496 to,aextarlorquadregiutanoto.
771 2431 835 2482 Sex·
903 2430 1035 2493 ⁸Oatreea]
1061 2429 1101 2478 Da
1128 2427 1166 2476 bia
1189 2427 1271 2477 multa
1301 2425 1395 2490 paaaim

308 2504 486 2554 intimantem
500 2507 681 2563 Rauennam
697 2507 833 2570 experieu-
870 2505 939 2568 apud
954 2511 1079 2554 arrotorea.
1112 2503 1306 2553 Laudatiaaima
1325 2500 1395 2564 apud

308 2579 346 2627 tia
357 2578 489 2627 abeodem
502 2579 572 2630 laeta
587 2588 616 2630 et
636 2581 731 2630 ibidem
752 2581 834 2630 relata
871 2581 985 2631 Circeios
1012 2580 1082 2629 Latii
1101 2577 1302 2642 promontorium
1326 2575 1396 2625 idem

256 2707 259 2714 ,
307 2654 445 2716 colligitur,
457 2654 579 2702 nostratia
595 2657 672 2716 piata
686 2655 749 2719 (qna
766 2655 833 2704 aelli·
872 2656 996 2706 Horatiua
1018 2656 1074 2706 Set.
1094 2659 1118 2704 l.
1141 2655 1185 2703 lib.
1207 2665 1240 2701 rr.
1263 2665 1330 2700 vera·
1354 2654 1395 2700 8³.

308 2728 833 2792 oetPariaiiacauponanteautnntur)do-
870 2733 987 2782 ‘Ostrea
1016 2731 1122 2791 Circeia,
1153 2729 1248 2778 Miseni
1279 2727 1396 2777 oriuntur

307 2803 424 2855 drentem
436 2804 516 2864 capit,
525 2803 574 2852 bec
584 2809 634 2866 eat,
645 2811 698 2852 trea
714 2805 835 2854 eemiaex·
870 2805 981 2864 eclrlnll.
995 2805 1036 2855 Ae
1047 2805 1190 2868 proeaertlm
1201 2802 1270 2867 apud
1281 2803 1394 2852 Plinium

307 2875 420 2927 tarleloa.
450 2878 510 2928 Qua
520 2877 620 2927 ratione
631 2877 779 2941 amphoram
790 2880 834 2943 qul
870 2881 904 2930 de
912 2880 952 2930 bia
963 2881 1044 2944 plura.

307 2951 490 3008 minoraverit,
504 2951 572 3001 bunc
584 2952 692 3016 triginta
711 2968 757 3002 aex
776 2968 834 3002 noa·
903 2955 1196 3019 *murmurarem
1214 2954 1297 3005 Gelae.
1328 2952 1393 3001 Tur·

308 3032 389 3078 trataa
397 3027 478 3090 platm
489 3027 602 3078 bauaima
612 3027 748 3092 oportuit:
765 3029 834 3092 quod
871 3029 919 3080 dua
938 3032 1014 3080 verita
1029 3030 1109 3079 modia
1127 3029 1154 3079 in
1179 3031 1294 3078 turdario
1315 3027 1348 3077 ad
1367 3027 1394 3076 id

308 3109 338 3151 et
363 3101 433 3151 ldem
462 3102 575 3152 Budaeua
613 3101 678 3151 dielt
705 3103 840 3170 credibile,
871 3106 1170 3169 exatrnetoraginabent.
1187 3106 1228 3155 De
1237 3106 1275 3154 uta
1284 3112 1312 3154 at
1323 3105 1395 3154 Mer·

308 3173 376 3225 fieri·
872 3181 939 3230 tialla
956 3180 1050 3230 ibidem
1070 3181 1200 3245 Epigram.
1217 3187 1260 3230 till.
1277 3187 1306 3230 et
1325 3179 1395 3243 apud

339 3259 351 3286 ¹
367 3252 486 3302 dederim
502 3253 613 3317 duranto]
626 3255 684 3305 lino
701 3261 751 3318 eat,
762 3259 835 3308 8750.
872 3255 1008 3306 Horatium
1026 3257 1138 3306 Moenlua
1151 3257 1245 3306 Scurra
1262 3256 1345 3320 Epiri.
1355 3259 1395 3303 ln.

306 3325 353 3376 lib.
370 3326 689 3391 Singnleenimaeatertia
704 3331 836 3380 milleaea·
871 3331 916 3381 lib.
932 3345 951 3384 1.
978 3334 1054 3383 ‘eum
1076 3332 1110 3382 ait
1130 3331 1208 3382 obern
1231 3332 1276 3381 Nil
1303 3329 1395 3380 melina

306 3401 399 3450 tertios
412 3402 508 3466 aelam,
520 3411 549 3452 nt
560 3418 638 3466 aupra
653 3405 679 3452 iu
689 3403 759 3455 Julio
774 3419 833 3470 cap.
872 3406 966 3457 turdo!

309 3479 351 3526 16.
361 3483 476 3526 notatum
489 3483 536 3526 eat.
901 3479 913 3515 l
945 3480 1120 3544 Voluptatibus]
1165 3479 1251 3531 Officii
1291 3492 1394 3541 nomen,

339 3558 357 3584 '
372 3550 488 3613 Dinlago]
502 3551 561 3602 Quo
583 3551 627 3601 illa
649 3552 834 3604 introducebat
870 3556 1084 3618 quemadmodum
1102 3569 1214 3619 emano,
1230 3553 1394 3615 anemoria,

306 3623 437 3675 ieatiulter
449 3625 519 3675 iuter
535 3640 565 3675 ae
576 3629 703 3676 certantia
718 3627 833 3692 daaapo·
869 3633 918 3680 &o
937 3629 970 3679 de
984 3631 1078 3694 quibua
1095 3645 1183 3693 eupra.
1215 3631 1316 3680 Xerxes
1333 3643 1394 3692 pro·

305 3701 341 3750 rie
351 3701 473 3752 bonitate
483 3707 512 3750 at
522 3716 665 3753 menaarum
676 3704 769 3768 palma.
870 3712 991 3769 poauerat
1003 3706 1064 3754 olim
1084 3707 1218 3768 praemium
1235 3705 1271 3767 ei,
1289 3705 1331 3770 qui
1352 3719 1396 3752 ao·

338 3783 351 3810 ¹
368 3775 462 3838 Boleti]
496 3776 667 3839 Clmmpa'gaoa.
715 3778 833 3828 Boletum
870 3781 976 3844 luptatla
1004 3795 1095 3830 uorum
1130 3795 1209 3844 genua
1238 3781 1394 3830 invenisset:

307 3865 369 3900 auro
378 3857 534 3914 argentoque
543 3853 721 3914 pretioaiorem
738 3852 834 3902 indicat
870 3856 938 3921 quod
951 3865 978 3906 et
990 3856 1023 3906 de
1036 3857 1208 3919 Heliogabalo
1220 3863 1308 3907 narrat
1321 3858 1395 3906 Lam·

307 3927 437 3978 Martialis
454 3927 481 3977 lu
493 3927 587 3978 Xenila
599 3929 675 3993 Epig.
695 3933 736 3980 lt·
767 3929 834 3980 tllr·
870 3931 978 3996 pridiae.

308 4010 413 4064 gentum
434 4012 511 4068 atque
531 4018 628 4061 aurum,
648 4005 724 4055 facile
736 4012 786 4066 eat,
797 4005 833 4054 la·
901 4007 1068 4070 eSollertem]
1096 4010 1201 4072 Legunt
1230 4007 1274 4058 alii
1292 4007 1396 4066 ullor-ia,

308 4093 429 4144 namque,
441 4090 578 4148 togamque
597 4083 716 4144 Mittere,
732 4083 833 4134 boletos
870 4089 1033 4148 utruurqnea
1050 4083 1165 4134 aedeudo
1183 4084 1290 4133 dietum.
1324 4083 1395 4130 Loca

309 4153 413 4205 mittere
424 4156 528 4207 difficile
538 4159 595 4208 eat!
870 4165 930 4208 aunt
941 4160 967 4207 iu
978 4158 1070 4222 quibua
1090 4160 1159 4208 aella
1172 4167 1244 4207 eraut
1262 4157 1295 4206 ad
1308 4156 1395 4206 libidi-

285 4233 290 4240 '
340 4229 833 4298 'FieedatdBeeeaaae‚aiodlnte,qnod
870 4247 929 4284 uem
950 4234 1040 4284 ordine
1061 4232 1202 4298 diapoaite.
1237 4231 1289 4283 Alii
1304 4233 1395 4296 legunt
