3216 4918
332 383 397 448 438
778 396 810 442 o.
832 391 1012 443 suuronu

334 544 457 618 culum,
480 544 568 604 sorle
591 535 723 615 treola,k
739 555 808 620 qua
828 536 1034 613 monebatur,
1051 538 1089 599 ut
1110 533 1150 598 de
1172 532 1423 598 consultationi·

333 645 398 706 bns
413 643 447 705 in
462 639 574 723 Aponi
588 636 718 704 sontem¹
732 639 818 702 telos
832 655 950 703 eureos
960 643 981 672 ¹¹¹
990 635 1129 718 jaceret,
1144 634 1265 711 evenit,
1280 639 1318 696 ul
1334 651 1423 696 sum·

334 762 424 806 mum
439 740 700 825 numerumjucli
715 740 758 803 ab
772 757 813 802 eo
830 736 1063 815 ostenderent3
1078 733 1247 817 hodieque
1258 735 1424 816 subaqun

336 845 487 908 visuntur
502 842 554 906 hi8
579 843 650 907 loli.
694 840 784 906 Ante
809 858 940 924 paucos
963 857 1054 915 vero,
1075 854 1175 922 quem
1202 843 1426 907 reuocaretur,

787 1033 968 1056 commone

335 1188 449 1236 Bou-8
460 1184 504 1234 ille
516 1149 628 1248 reposuit
638 1184 707 1234 Ousl.
718 1197 751 1234 ers
761 1183 825 1232 Mss.
837 1187 865 1232 el
877 1180 944 1230 Edd.
952 1187 1012 1229 anre
1024 1177 1135 1228 csseub.
1154 1177 1195 1226 ΑΙ.
1203 1176 1233 1239 ii,
1244 1177 1311 1242 quod
1322 1185 1426 1228 serrant

824 1379 934 1432 NOTAE

367 1495 565 1560 suanensem]
581 1497 668 1547 Verise
683 1503 744 1546 sunt
760 1495 860 1561 speeies
902 1491 1020 1556 Eugsnei
1040 1489 1116 1540 hodie
1138 1490 1170 1539 Li
1191 1490 1311 1539 mildi
1335 1489 1427 1540 Pudnu.

338 1573 394 1636 ejus
405 1571 635 1636 divinationisquoe
647 1587 694 1636 per
703 1581 861 1636 sortesque·
902 1569 987 1632 Hujus
1009 1566 1089 1617 fontis
1109 1566 1249 1616 meminere
1277 1566 1379 1616 Pllaius
1400 1574 1427 1616 sl

337 1648 454 1697 rsbssnr.
470 1647 630 1711 Quandoque
643 1647 789 1710 descriptos
801 1645 861 1710 poli·
902 1643 1078 1705 Cassiodorus,
1089 1645 1149 1692 dre.-

337 1731 372 1771 lae
384 1721 517 1785 cujusdem
530 1737 616 1772 versus
628 1731 654 1772 el
667 1725 691 1772 iu
705 1737 791 1771 umens
804 1735 861 1771 oon·
933 1725 950 1752 ¹
969 1720 1039 1768 l'ulos
1059 1716 1153 1780 aureos]
1169 1715 1230 1766 run
1246 1721 1274 1766 sl
1291 1716 1348 1766 buo
1363 1715 1428 1766 divi-

334 1797 420 1861 jeetos
432 1797 584 1852 educebant,
597 1805 641 1846 aut
653 1797 861 1854 emittebannid·
901 1795 977 1844 nandi
999 1808 1046 1858 per
1066 1795 1132 1843 telos
1150 1792 1216 1842 rollo
1237 1791 1305 1856 apud
1329 1791 1427 1856 priseos

339 1887 388 1937 que
401 1872 497 1921 oraculi
510 1873 565 1920 vioe
575 1872 718 1922 habebatur
728 1873 794 1938 qnod
807 1876 862 1922 cui·
901 1874 1009 1924 Grnoos
1019 1877 1046 1922 iu
1060 1865 1131 1922 mor'e
1143 1872 1247 1936 poslra3
1264 1879 1352 1922 auctor
1361 1872 1428 1920 euim

338 1961 389 2011 que
409 1945 556 1996 accideret:
573 1947 728 2012 quandoque
740 1947 862 1998 fatidicos
902 1957 943 2000 est
957 1950 1107 2006 Pausanias,
1118 1947 1197 1999 fuisso
1213 1949 1239 1996 iu
1255 1962 1318 2011 agro
1331 1947 1429 1997 Bersu-

285 2027 288 2035 '
338 2036 428 2072 versus
440 2021 466 2069 lu
478 2021 573 2071 tabella
584 2021 774 2080 describebant,
784 2030 812 2072 et
824 2030 862 2073 lo·
901 2021 1245 2090 alum(quigenaAebeios)
1261 2022 1349 2073 fanum
1360 2022 1429 2072 ller-

337 2099 369 2150 lis
381 2098 565 2148 divinationem
574 2099 747 2164 peragebant:
769 2107 816 2152 aur
826 2115 865 2152 ar·
904 2102 978 2157 culis,
989 2101 1014 2150 in
1027 2114 1076 2165 quo
1084 2099 1197 2163 cujusvis
1209 2099 1245 2148 rsi
1255 2099 1426 2163 suscipiendas

339 2183 416 2239 repto
427 2181 526 2224 temere
537 2182 564 2224 st
583 2183 675 2240 operto
687 2176 770 2241 poe'rre
780 2179 865 2242 eujus·
903 2176 1047 2241 captabant
1057 2175 1191 2239 augurium
1202 2189 1236 2224 ua
1255 2175 1313 2224 telis
1332 2181 1360 2225 et
1370 2173 1431 2226 abo·

340 2249 399 2299 dum
422 2249 496 2310 libro,
520 2250 588 2314 quod
611 2265 641 2300 se
660 2252 767 2314 primum
786 2253 866 2303 oeulis
903 2267 949 2316 003
968 2251 1087 2316 precibns
1098 2251 1195 2316 qnippe
1207 2250 1266 2300 Deo
1277 2251 1328 2300 rire
1340 2263 1431 2315 perae·

340 2338 446 2376 carmen
461 2325 604 2392 objecerat,
620 2326 668 2376 boc
686 2340 732 2390 pro
749 2336 820 2379 sorte
839 2337 867 2380 et
905 2321 949 2391 iis,
960 2335 1071 2392 quotuor
1084 2327 1159 2382 talos,
1173 2339 1278 2390 quorum
1291 2326 1326 2376 ibi
1338 2340 1434 2390 niagno

340 2403 445 2452 orsoulo
461 2401 600 2453 bubebout.
634 2401 705 2452 Hine
718 2403 865 2466 Virgilium
904 2404 988 2469 copie,
999 2405 1025 2454 iu
1037 2418 1151 2454 mensam
1163 2403 1308 2467 jactabant,
1320 2416 1433 2465 cumque

339 2484 423 2527 sorles
439 2476 508 2540 apud
529 2477 703 2541 Lampridium
720 2478 745 2526 iu
757 2477 867 2529 Alexan·
904 2484 1059 2546 singulorum
1083 2480 1172 2546 figura
1192 2486 1289 2530 ceriam
1304 2478 1434 2528 heberent

341 2549 399 2608 (ΙΝ,
426 2555 454 2600 et
479 2551 644 2613 Slffltlwllffl
670 2551 698 2600 1¹¹
724 2551 867 2611 ffldritnos
905 2559 999 2622 inlusa
1016 2559 1113 2608 rabello
1131 2555 1288 2620 oessnptsn
1304 2556 1434 2616 iuterpre-

340 2628 392 2676 &⁰·
434 2688 438 2696 ,
905 2637 1038 2692 tutionem,
1066 2649 1101 2685 ex
1119 2648 1205 2683 eornm
1225 2631 1309 2693 ligure
1332 2637 1360 2680 et
1381 2630 1435 2680 sliu

373 2701 476 2765 ldposi
490 2702 595 2765 soalon]
612 2703 680 2752 Fons
698 2703 741 2752 ille
760 2713 867 2768 propter
905 2709 989 2760 lutura
1010 2708 1203 2774 eorrjeolubout·
1240 2706 1318 2756 liene
1345 2712 1435 2755 sutem

342 2775 485 2825 medioeres
505 2791 585 2840 squss
603 2778 748 2828 celebratus
765 2794 781 2828 a
792 2781 867 2830 Clau·
906 2784 1036 2835 discendo
1049 2786 1124 2835 soriis
1134 2783 1260 2834 talionem
1273 2796 1321 2845 per
1330 2782 1395 2832 tslos
1406 2782 1435 2831 in

341 2850 419 2900 diano
439 2852 543 2914 egregio
572 2853 707 2916 Elegldlo:
738 2855 869 2917 ‘Publlea
906 2875 998 2925 aquom
1009 2857 1435 2920 missosCesaubouussunorarir,

342 2923 487 2973 morborum
499 2926 752 2990 requies,c0nmuue
764 2930 868 2980 medeu·
907 2943 961 2986 snm
974 2951 1006 2986 ex
1025 2935 1155 2986 Pausania
1172 2934 1198 2984 iu
1217 2935 1361 2994 Laconicis,
1379 2940 1435 2983 tum

343 3005 397 3049 rum
416 2998 557 3064 Auxilium,
574 3017 690 3065 presens
711 3018 814 3066 numen,
831 3008 868 3056 io·
906 3013 1089 3062 exSoaomeuo
1104 3008 1149 3058 lib.
1166 3023 1191 3060 v.
1207 3007 1333 3058 Historia
1346 3008 1436 3057 Euole-

342 3084 412 3126 emts
442 3077 527 3126 salus?
574 3079 651 3129 Unde
678 3084 869 3133 verosimillime
907 3086 1021 3136 siestiese
1042 3100 1101 3149 esp.
1122 3089 1162 3133 1⁹.
1196 3083 1266 3132 ilinc
1282 3083 1350 3132 dous
1366 3097 1435 3147 quau·

344 3165 436 3202 nomeu
447 3153 552 3204 sortitus
570 3162 627 3218 αις
643 3155 804 3209 damasum
818 3161 870 3210 slas
908 3162 967 3211 dam
979 3162 1005 3209 iu
1022 3159 1108 3210 fontes
1123 3157 1307 3220 conjiciebant,
1327 3165 1438 3221 accepta

343 3227 421 3276 labore
431 3233 479 3277 ert.
512 3228 633 3280 Meminit
649 3240 676 3281 et
695 3233 868 3284 Lucannsllb.
907 3245 976 3287 sorle
986 3237 1019 3285 sd
1031 3250 1118 3286 eornm
1136 3233 1248 3293 modum,
1267 3233 1311 3297 qui
1326 3241 1438 3296 asnapio

344 3314 397 3350 arr.
416 3315 482 3353 vers.
499 3308 555 3354 lou.
571 3307 718 3369 ‘Euguuem
729 3309 750 3357 si
764 3321 824 3358 vera
839 3307 868 3357 ri·
908 3312 940 3361 sb
958 3312 1069 3361 oraculis
1086 3323 1208 3373 responso
1228 3309 1334 3359 donaria
1347 3309 1438 3358 votiva

343 3376 389 3425 (¹⁹⁸
411 3379 622 3441 ¹¹¹0l¹¹⁰l⁸¹¹¹ib⁰³s
644 3395 724 3446 tugnr
742 3383 815 3433 Colle
832 3399 871 3434 ss·
908 3390 1060 3451 templorum
1072 3387 1149 3438 tbolis
1167 3401 1213 3437 sen
1226 3385 1367 3450 parietibus
1379 3383 1438 3435 affi-

346 3451 418 3511 deus,
429 3452 537 3516 Aponus
549 3457 626 3506 terris
637 3456 679 3506 ubi
692 3456 796 3506 iumilsr
806 3461 870 3518 sair,
909 3465 1015 3528 gebenn.
1052 3464 1206 3526 Exemplum
1228 3471 1270 3512 est
1289 3459 1356 3524 opud
1381 3461 1439 3510 Pri.

344 3527 426 3576 vem
436 3541 533 3578 *uum
544 3529 609 3592 ures,
622 3531 720 3593 seritur
734 3545 775 3582 ns
789 3535 869 3583 mur·
908 3541 977 3590 nnn
997 3540 1041 3590 m.
1061 3551 1123 3588 nu.
1138 3539 1222 3601 usur.
1237 3541 1262 3588 s.
1279 3536 1323 3586 nn
1338 3535 1371 3586 oe
1384 3536 1439 3585 cu-

344 3615 396 3664 ma,
408 3601 491 3652 dixit?
514 3604 590 3654 Unde
601 3607 677 3656 ellam
687 3609 774 3673 colligi
783 3617 871 3674 potest
909 3621 998 3666 rnmno
1017 3612 1088 3664 fonte
1108 3613 1173 3677 agir,
1185 3613 1212 3662 iu
1230 3613 1305 3676 eujus
1321 3611 1440 3674 proximo

345 3679 490 3741 Errgaueos,
507 3680 550 3744 qni
568 3681 871 3737 Herculiseomilesfue-
909 3688 970 3739 lsuo
994 3695 1070 3739 erent
1093 3702 1196 3753 qnoque
1220 3695 1314 3736 sortes.
1347 3688 1383 3736 Et
1406 3687 1440 3736 du

346 3767 385 3812 re.
397 3755 570 3805 construxisse
586 3757 638 3807 illic
650 3757 768 3822 quondum
780 3775 832 3810 aurs
844 3762 871 3810 iu
911 3762 1004 3828 Apono
1027 3769 1138 3812 leslarnr
1164 3760 1322 3810 Claudianus
1347 3759 1440 3810 eodem

346 3831 493 3896 Geryonem
502 3835 618 3886 victorius
627 3845 872 3903 mouumenrmquo-
910 3837 1045 3902 Elegidio:
1062 3837 1149 3887 ‘Tune
1160 3851 1260 3886 ornnem
1272 3836 1364 3901 liquidi
1385 3835 1441 3884 aal-

347 3921 403 3958 rusu
415 3909 484 3960 loeus
493 3911 600 3977 Geryon
616 3914 761 3978 appellatus
776 3913 872 3978 luerim
910 3916 961 3965 lem
982 3915 1109 3965 mirabere
1129 3910 1220 3975 lundi3
1240 3911 1316 3962 Tune
1339 3919 1440 3960 reseres

347 3991 394 4034 aut
409 3988 485 4037 sorus
498 3987 533 4038 lbi
545 3989 647 4039 modum
659 3991 786 4055 quendam
799 3992 871 4041 insul·
910 3992 999 4048 bustu,
1012 3991 1082 4054 regis
1091 3989 1169 4044 dona,
1181 3987 1292 4039 micam-¹
1308 3988 1441 4039 Summum

349 4060 439 4123 tuisse,
451 4065 520 4114 vela
535 4066 657 4131 Geryone
677 4066 817 4124 insensum,
831 4069 873 4118 ael
912 4068 1020 4117 lalomm
1036 4065 1197 4130 jaesumble
1217 4063 1441 4127 iutelligltveues

349 4146 400 4196 qno
418 4137 456 4187 usi
476 4137 582 4202 luerint,
600 4142 722 4196 adsersus
740 4155 797 4193 eum
815 4157 873 4206 pro·
912 4147 1077 4205 remutpole
1089 4139 1273 4202 felicissimum,
1285 4147 1315 4190 nt
1326 4138 1441 4202 supra'n

349 4203 454 4274 lecturi,
474 4227 531 4276 qum
554 4214 675 4266 sabellini
693 4217 805 4281 suspicio
826 4225 871 4266 est.
912 4218 1123 4282 Augustos-ll.
