3120 4926
398 1021 404 1032 ¹
491 915 948 1012 ¹strenuissimo

318 1180 1282 1348 DELPHINO·

647 1466 677 1524 S.
706 1463 740 1524 P.
768 1466 807 1524 D.

390 1669 702 1740 Aucusrruus
740 1651 1058 1752 usuuuou‘rus

177 2169 319 2266 Occu
345 2202 573 2274 Surrentum
597 2199 888 2276 Tniuomceou
918 2205 1115 2285 scriptorem
1141 2205 1274 2288 politis-

176 2301 296 2366 simum
320 2301 382 2366 tibi
406 2301 1030 2379 offero‚DncrrrrrtnSnenurss1un.
1076 2306 1277 2388 Interpreta-

175 2402 269 2468 tioue
278 2407 314 2466 et
327 2403 415 2466 notis
425 2403 656 2468 illustrandum
671 2403 764 2466 illum
775 2421 1001 2487 susceperam,
1013 2412 1052 2472 ut
1065 2405 1275 2492 aliquatenus

39 2511 42 2516 '
176 2507 237 2568 tun
251 2503 362 2568 studia
377 2503 456 2576 olim
468 2501 759 2586 juvarepossem3
782 2504 840 2568 sed
864 2523 941 2569 sero
964 2507 1076 2572 editus
1097 2509 1131 2572 in
1152 2509 1273 2584 lucem,

177 2604 234 2686 qui
251 2605 313 2668 tibi
327 2604 443 2686 nequit
456 2603 618 2686 prodesse
632 2603 725 2678 liber,
748 2601 837 2667 idem
863 2609 921 2668 tuo
945 2606 1034 2673 Filio
1053 2608 1275 2674 Serenissimo

178 2703 377 2787 Burgundios
393 2704 563 2787 Ducijum
571 2703 644 2787 jmu
656 2702 736 2767 usui
751 2721 827 2766 esse
849 2707 984 2788 poterit.
1030 2707 1158 2789 Regius
1179 2726 1274 2789 puer,

176 2825 278 2890 quem
294 2804 386 2870 Galli
398 2823 526 2882 omnes,
541 2804 620 2888 quin
634 2807 725 2879 tuus,
739 2810 773 2869 et
787 2805 868 2887 quie
884 2811 917 2870 te
941 2806 1060 2889 dignus
1082 2814 1135 2874 est
1156 2806 1273 2883 Filius,

175 2909 275 2972 unice
299 2915 425 2984 emunt,
451 2906 727 2987 carissimamque
750 2905 982 2983 habentem
1005 2908 1125 2972 ceteris
1145 2908 1274 2972 artibus

177 3007 303 3088 quibus
316 3007 469 3072 studuisti
485 3024 615 3090 semper
628 3007 713 3087 ipse,
729 3012 801 3070 tum
822 3006 857 3070 iu
879 3007 996 3089 primis
1016 3008 1205 3072 imitatione
1225 3007 1274 3070 tui

174 3108 351 3186 erudietur.
396 3107 501 3172 Nulla
514 3107 599 3172 enim
613 3106 675 3171 erit
687 3106 752 3172 hnc
765 3109 974 3190 praestnntior
989 3108 1180 3191 discipline.
1215 3107 1274 3174 Sic

176 3227 256 3291 ergo
280 3209 444 3290 continget
465 3207 606 3273 feliciter
627 3206 769 3273 Auctori
793 3213 919 3286 nostro,
935 3214 973 3274 nt
986 3208 1141 3274 munibus
1157 3207 1275 3288 Regiis

175 3309 433 3392 pertractandus
454 3309 578 3374 reniet.
622 3306 741 3385 Immo,
754 3310 785 3372 si
809 3310 949 3384 licuerit,
977 3309 1087 3372 ausim
1114 3306 1275 3372 offirmare

178 3409 373 3474 Suetonium
408 3410 479 3487 tibi,
513 3408 772 3472 Sunnurssrue
808 3407 1026 3488 Ducuntur,
1055 3409 1274 3488 oblectationi

176 3511 280 3576 etium
305 3529 394 3574 nuuc
419 3529 495 3574 esse
520 3527 636 3593 posse·
681 3507 875 3572 Praesertim
899 3527 978 3572 vero
998 3527 1074 3572 cum
1089 3527 1110 3573 u
1125 3509 1269 3592 publicis

176 3610 321 3692 negotiis
342 3611 377 3675 in
393 3614 521 3674 secrete
542 3608 740 3693 quandoque
754 3616 912 3686 remotus,
928 3609 989 3673 otii
1005 3608 1133 3692 aliquid
1152 3610 1275 3692 imper-

177 3713 273 3777 tieris
298 3711 450 3793 legendis
479 3711 533 3788 iis,
558 3729 635 3792 quoe
660 3729 682 3773 e
701 3708 796 3773 sulio
821 3707 970 3786 cesare,
993 3715 1094 3791 utque
1119 3707 1274 3789 Augusto

179 3819 274 3896 gesto
286 3811 426 3889 sortiter,
441 3813 494 3876 vei
510 3831 532 3876 n
545 3811 681 3876 Tiberio
695 3817 796 3874 acuto
811 3810 1016 3890 excogitate,
1034 3809 1199 3890 elegentes
1215 3829 1274 3874 eu-

178 3919 245 3978 tem
266 3922 302 3976 et
314 3911 420 3976 nitide
439 3919 519 3976 sunt
531 3911 704 3997 descripte
719 3912 764 3976 ab
779 3911 930 3976 Auctore
950 3917 1077 3973 nostro.
1120 3908 1275 3976 Delecta-

177 4015 280 4091 beris,
300 4015 445 4097 inquam,
462 4033 548 4092 cum,
563 4013 586 4079 J
588 4013 646 4078 ulii
662 4013 808 4080 Caesnris
822 4011 1186 4106 victoriosiuuumeres
1200 4031 1276 4092 per·

180 4135 324 4193 currens,
339 4115 503 4182 Ludorici
521 4114 636 4198 Magni
648 4115 800 4180 Parentis
816 4114 864 4178 tui
879 4112 1035 4178 victorius
1051 4131 1182 4196 quoque
1202 4129 1275 4193 per-

180 4237 308 4282 currere
338 4225 372 4282 te
403 4217 520 4284 merito
544 4217 690 4302 putabis·
745 4214 878 4280 Gullius
908 4213 1046 4280 diversis
1072 4212 1275 4276 sectionibus

244 4325 332 4390 Dolet.
343 4332 367 4376 et
381 4325 439 4377 Ver.
449 4321 514 4375 Gtorss
680 4322 778 4373 Sutor.
1187 4317 1212 4366 Α
