3216 4918
677 419 866 470 rruusrus,
1254 413 1319 478 429

226 567 393 652 perferre²
413 571 550 648 posset3
573 583 615 629 an
629 570 676 642 ut,
691 565 800 628 vitato
814 564 1020 630 assiduitatis
1033 566 1192 644 fastidio,⁸
1203 579 1320 636 aucto·

224 671 358 735 ritatem
371 668 523 732 absentia
537 674 700 743 tueretur,
717 673 817 751 atque
843 667 946 730 etium
962 669 1118 749 ungeret,t
1136 670 1167 733 si
1187 673 1319 754 quando

226 771 425 854 indiguisset
450 771 504 833 sui
527 769 745 852 Respublica.
789 768 938 848 Quidam
964 771 1170 845 existimant,
1198 773 1321 838 adultis

223 873 295 958 jam
311 871 455 954 Augusti
471 871 613 948 liboris,u
627 872 705 936 loco
717 877 749 936 et
763 872 885 956 quusi³
901 874 1114 956 possessione
1130 876 1284 958 usurpati
1299 896 1321 942 a

227 973 338 1037 sedin
362 973 499 1038 secundi
518 972 638 1056 gradus
654 980 773 1056 sponte
787 973 944 1050 cessisse,
960 975 1117 1057 exemplo
1134 975 1183 1040 Μ.
1198 973 1322 1061 Agrip·

227 1083 309 1157 pm,v
323 1075 394 1160 qui,
419 1073 468 1137 Μ.
492 1073 653 1139 Marcello
669 1073 712 1138 ad
734 1094 869 1138 munera
884 1075 1024 1158 publica
1040 1075 1206 1154 admoto,⁴
1217 1078 1322 1164 Myti-

226 1177 321 1241 lenas
336 1178 453 1242 abierit
467 1197 477 1256 3
498 1197 539 1241 ue
561 1183 618 1242 aut
631 1178 775 1254 obstare,
792 1185 851 1240 aut
866 1179 1050 1260 obtrectare
1066 1197 1214 1261 praesens
1228 1181 1323 1246 uide·

228 1283 327 1343 retur.
357 1277 466 1357 Quum
483 1297 618 1343 causum
634 1278 766 1361 etipse,
782 1278 840 1342 sed
853 1286 865 1326 ⁵
880 1285 1031 1362 postea,'
1045 1280 1197 1346 reddidit.
1226 1281 1321 1347 Tunc

228 1389 342 1447 eutem
363 1381 524 1447 honorum
549 1381 735 1445 satietatem
756 1400 797 1445 ac
824 1384 972 1465 requiem
999 1383 1148 1448 laborum
1175 1393 1320 1468 praeten-

228 1483 324 1558 dens,
354 1491 579 1548 commeatum
605 1484 729 1565 petiit*
774 1481 894 1567 Neque
910 1488 968 1548 aut
982 1487 1082 1550 matri
1095 1486 1321 1569 suppliciter⁶

229 1585 391 1666 precanti,
404 1590 461 1648 aut
472 1585 617 1654 vitrico,y
631 1582 742 1648 deseri
754 1603 790 1648 se
801 1585 903 1648 etiam
915 1586 948 1648 in
960 1585 1086 1651 Senatu
1101 1589 1323 1671 conquerenti,

230 1686 360 1750 ueniam
384 1685 488 1750 dedit.
533 1683 627 1763 Quin
652 1691 688 1749 et
708 1685 911 1768 pertinacius
932 1689 1160 1767 retinentibus,
1175 1691 1252 1754 cibo
1266 1708 1324 1773 per

230 1785 440 1869 quatriduum
456 1785 628 1850 abstinuit.
673 1783 783 1851 Facta
806 1787 938 1852 tandem
962 1789 1130 1854 abeundi⁷
1146 1795 1323 1874 potestate,

230 2130 295 2179 Mra.
305 2129 454 2194 delevitque
472 2130 598 2181 Turn—2
615 2130 716 2181 Probet
727 2131 796 2189 serre
813 2132 887 2181 Torr-
898 2145 932 2181 ex
943 2147 995 2182 uno
1005 2147 1052 2182 suo
1063 2133 1163 2183 bin-t
1179 2133 1242 2183 laec
1252 2149 1291 2196 qs.
1301 2142 1325 2186 st

230 2193 315 2244 Perir-
326 2195 399 2244 cort.
410 2195 476 2244 Edd.
485 2195 575 2259 Csmp.
585 2195 680 2245 Sabell.
692 2195 765 2245 Med.
778 2196 901 2246 eald-4
910 2195 997 2246 Aristo
1007 2198 1093 2246 Petis.
1105 2203 1133 2247 et
1141 2197 1202 2246 abiit
1213 2197 1292 2248 Vind.
1301 2203 1326 2248 2.

230 2259 295 2308 'l'urn
306 2258 405 2308 ultrast.
414 2259 504 2322 aliquid
514 2274 551 2322 pr.
563 2259 626 2309 dant
637 2259 704 2308 Edd.
718 2261 782 2310 ven.
800 2264 823 2309 2.
834 2265 858 2310 t.
870 2261 944 2310 Med.
956 2268 984 2311 et
994 2276 1066 2325 seqq.
1078 2261 1202 2326 usquead
1214 2262 1327 2314 casaub.

230 2323 274 2384 qul
284 2323 374 2386 nts'qsid
384 2323 472 2386 ejecit,
489 2337 598 2389 eumque
609 2325 693 2374 secuti
704 2331 763 2374 suut
774 2325 859 2374 Seris.
870 2325 960 2375 θην.
974 2326 1058 2376 Grou.
1076 2323 1225 2375 laventibus
1242 2326 1324 2376 codd.

231 2385 266 2439 Q.
275 2387 409 2439 obtrmm
418 2388 468 2438 Ed.
477 2387 567 2450 Gsmp.
595 2388 666 2452 Lips.
683 2390 798 2439 correxit
811 2391 927 2439 oemsbri.
955 2389 1021 2438 Ven.
1032 2393 1055 2438 l.
1065 2397 1139 2440 earet
1147 2391 1196 2439 boc
1207 2390 1286 2439 serbo
1297 2397 1327 2440 et

231 2457 332 2500 tautum
344 2453 424 2501 lrsbet
434 2468 464 2502 as
473 2457 515 2501 aar
526 2453 585 2503 obst.
594 2468 708 2516 prauus.
734 2453 808 2517 Conj.
820 2455 909 2504 Burm.
921 2453 1053 2504 dueum
1063 2455 1137 2504 areu
1147 2455 1245 2504 ott-t
1257 2455 1326 2505 Mai·

230 2515 390 2594 let'lJorr3qt
408 2519 450 2566 sed
465 2517 566 2566 abesse.
598 2517 696 2594 l’ortes
712 2517 823 2568 bosom
841 2519 906 2581 Cup.
924 2518 1015 2607 Cqmp.
1034 2525 1062 2568 et
1077 2519 1138 2582 petit
1155 2519 1252 2569 Medic.
1269 2523 1327 2596 1.,-

231 2581 1328 2711 ututurtutudit·initieturinducturus.

232 2708 302 2758 vero
313 2723 371 2758 rum
381 2709 455 2760 linis.
468 2709 566 2759 Medic.
575 2713 599 2759 2.
611 2710 726 2761 suurn.
737 2711 808 2761 Dun.
818 2719 845 2760 et
858 2710 925 2760 itud.
938 2711 1010 2762 Vett.
1020 2712 1115 2774 quidem
1126 2712 1201 2763 abest
1210 2709 1289 2762 Vind.
1301 2714 1325 2760 1.

726 2903 833 2955 NOTAE

264 3039 274 3066 ⁶
289 3032 565 3097 Assidssitsts'sssstidio]
579 3033 691 3096 Veique
703 3031 759 3095 lpse
799 3031 888 3083 iaciat.

233 3107 371 3157 teuebstur
381 3104 580 3171 propteroffieia
589 3107 707 3170 Angtrsto
715 3122 759 3155 ex·
832 3115 844 3140 ¹
859 3106 966 3170 Augusti
975 3107 1066 3170 liberis]
1082 3107 1145 3157 Calo
1157 3113 1184 3158 et
1194 3105 1283 3165 Lucio,
1294 3107 1328 3157 ds

231 3181 355 3244 hibenda,
366 3182 408 3231 rel
422 3182 447 3230 in
459 3180 527 3244 quod
539 3181 594 3246 ipse
605 3188 711 3245 poterat
722 3182 759 3230 in·
800 3185 893 3248 quibus
908 3197 986 3245 supra
1004 3183 1029 3231 in
1044 3182 1173 3245 Augusto,
1187 3181 1329 3243 adoptione

233 3257 333 3320 sidere,
353 3257 503 3307 assiduitate
521 3257 668 3308 satietatem
692 3258 761 3322 pari·
799 3259 904 3324 quidem
920 3257 1017 3320 liberis,
1036 3263 1130 3306 ustura
1149 3270 1210 3305 vero
1226 3257 1329 3318 nepoti·

233 3341 304 3385 ente.
338 3335 484 3386 Quorsum
497 3333 762 3397 LiviusdeSeiplone
800 3334 856 3384 bur.
887 3333 965 3384 Idem
987 3339 1015 3382 et
1035 3331 1151 3381 Velleius
1176 3337 1204 3382 et
1224 3331 1329 3383 'l'scitus

234 3411 318 3462 dixit:
336 3410 493 3460 ‘Decimum
511 3409 565 3473 jam
589 3422 683 3458 muum
699 3410 762 3458 sssi·
800 3409 929 3465 Annulr.

233 3486 300 3537 dnus
311 3487 337 3535 in
348 3487 430 3535 oeulis
439 3486 567 3535 bominum
576 3483 670 3535 tuerat.
695 3485 762 3538 Qun
833 3492 845 3518 v
861 3482 990 3548 Agrippa]
1007 3484 1038 3534 lu
1050 3482 1253 3546 Augusteum.

232 3575 275 3610 res
287 3563 370 3611 minus
382 3559 509 3610 serendos
526 3574 632 3624 mugnus
648 3560 762 3609 homines
834 3567 851 3592 '
869 3559 966 3624 Postea]
994 3557 1116 3609 Refertur
1138 3557 1169 3606 sd
1194 3557 1328 3620 expletum

233 3637 293 3698 ipss
302 3637 422 3688 sstletute
433 3635 515 3688 lustr!
548 3637 607 3689 Quo
618 3643 646 3687 et
657 3636 762 3686 oonsilio
801 3636 939 3700 potestatis
949 3634 1093 3685 tribunicio
1106 3642 1217 3694 tempus.

234 3709 416 3775 Augustulum
428 3711 526 3762 Gallias
541 3712 761 3767 abiisseniono·
833 3721 847 3748 ¹
864 3713 1024 3761 cmeutrrss
1031 3709 1115 3774 petiit]
1132 3707 1190 3758 Hoc
1202 3712 1253 3768 est,
1263 3711 1328 3756 teru-

115 3799 122 3812 *
235 3786 311 3834 tutin
323 3785 537 3837 Aetissnnim.
570 3788 671 3840 Quibus
687 3800 760 3837 scee-
802 3788 928 3851 porarism
949 3786 1089 3836 secedendi
1110 3783 1224 3842 reniam
1240 3795 1328 3845 quem·

233 3859 283 3922 dit,
294 3861 364 3924 quod
378 3861 481 3912 mirina
492 3863 536 3913 ills
553 3863 693 3927 presentis
709 3875 761 3911 ms·
801 3859 936 3910 sdmoduur
947 3859 1015 3908 enirn
1031 3859 1126 3908 milites
1138 3871 1153 3906 s
1164 3856 1255 3906 eastris
1273 3855 1330 3904 sine

233 3935 272 3999 gis
283 3935 433 3998 aperiantur
441 3938 566 4002 eujmque
577 3937 649 3986 sitis.
802 3937 929 3997 permissu
940 3934 1030 3984 abesse
1041 3949 1092 3984 uon
1109 3937 1240 3996 poterant,
1250 3937 1280 3980 nt
1290 3933 1330 3979 irr-

266 4010 408 4076 ‘dmress
426 4013 479 4065 uui
500 4013 568 4062 enim
590 4025 605 4060 e
624 4009 762 4074 longinquo
802 4007 842 4059 irs
854 4013 928 4060 ult.
940 4009 977 4059 its
988 4022 1036 4058 uec
1053 4007 1221 4070 Magistratus
1233 4005 1267 4055 sb
1278 4005 1330 4055 Ur·

233 4084 267 4134 sd
283 4099 360 4149 opem
382 4086 516 4138 terendam
533 4093 667 4146 evocatur,
685 4087 763 4149 louge
803 4084 846 4139 be,
858 4091 887 4134 ut
899 4099 932 4134 ax
948 4085 997 4133 troc
1014 4083 1071 4132 loeo
1088 4087 1116 4132 st
1131 4080 1200 4132 inira
1210 4081 1292 4144 Calig.
1303 4093 1327 4128 o.

233 4160 316 4223 ηψπ
334 4161 489 4214 beneficium
513 4161 631 4213 conferre
651 4159 763 4218 ridetur,
802 4163 844 4211 tu.
856 4159 995 4222 colligitur.

234 4251 311 4301 quam
323 4241 368 4304 qui
387 4240 492 4302 singulis
503 4238 592 4289 diebus
608 4237 707 4302 copiam
722 4237 761 4286 sui
834 4243 845 4278 t
866 4233 969 4296 Vitrirs]
986 4231 1150 4297 Augustmut
1160 4245 1239 4297 snprs
1250 4245 1273 4281 e.
1285 4234 1309 4280 7.

1048 4335 1051 4366 l
