3228 4914
310 415 374 480 524
733 433 764 480 u.
787 429 967 479 suanoun

309 595 375 642 nou
390 583 502 639 tamen
516 591 757 658 usquequaque
778 591 863 638 usus
885 581 956 654 est3
978 575 1227 656 abstinuitque·
1250 573 1394 638 maxime

309 678 343 740 in
360 676 495 753 Senatu,
516 675 600 739 adeo
623 676 764 758 quidem,
787 683 823 742 ut
844 675 1134 759 ‘monopolium'e
1155 675 1394 755 nominaturus,

308 778 401 860 prius
416 777 548 840 veniam
567 777 760 859 postularit,
782 778 871 862 quod
894 777 961 842 sibi
982 777 1084 842 verbo
1107 778 1279 859 peregrino
1300 785 1396 841 uteu-

308 878 384 940 dum
397 885 497 942 esset.
541 879 651 962 Atque
665 881 763 944 etiam
785 881 819 942 in
839 879 985 963 quodam
1008 879 1141 943 decreto
1156 879 1302 970 Petrum,
1317 895 1394 942 cum

308 976 489 1059 ipdaqpa³f
508 982 709 1057 recitaretur,
732 981 1000 1044 commutandam
1026 981 1182 1044 censuit4
1208 997 1336 1054 vocem,
1361 985 1395 1043 et

306 1099 369 1163 pro
383 1081 555 1163 peregrina
568 1088 747 1147 nostratem
763 1083 1003 1165 requirendam,
1019 1091 1090 1158 aut,
1106 1081 1137 1146 si
1153 1099 1216 1145 non
1238 1082 1393 1163 reperire·

307 1187 370 1258 tur,
383 1181 436 1246 vel
452 1181 611 1264 pluribus,
634 1191 668 1246 et
687 1203 746 1265 per
762 1183 923 1247 ambitum
936 1184 1120 1260 verborum,
1134 1201 1203 1246 rem
1222 1183 1393 1247 enuntian-

307 1281 393 1345 dam.
438 1282 583 1348 Militem
597 1302 737 1367 quoque,
752 1283 894 1348 Graece⁸
910 1286 1132 1350 testimonium
1146 1285 1394 1368 interrogatum,

757 1480 940 1503 nouum„

307 1593 374 1644 Edd.
386 1593 444 1645 nid.
455 1595 543 1659 Steph.
554 1596 629 1648 Jnnt.
641 1596 705 1660 Arg.
716 1611 797 1659 marg.
807 1597 907 1662 Gryph.
919 1599 968 1647 &a
986 1595 1089 1646 favente
1107 1595 1195 1646 Gran.
1213 1595 1318 1657 amque
1336 1593 1395 1645 Me·

306 1659 357 1708 dic.
368 1663 391 1708 u.
409 1661 522 1722 Com-2
539 1660 661 1710 Abstinuit
681 1663 736 1710 sine
754 1678 797 1724 que
816 1663 860 1710 lib.
875 1663 948 1710 Torr.
965 1670 992 1710 et
1010 1675 1068 1710 mox
1085 1664 1214 1724 postularet
1231 1675 1288 1710 cnm
1309 1659 1394 1708 Palm.

305 1723 382 1772 duob.
394 1723 522 1772 Medici.
533 1729 557 1772 8.
569 1725 681 1776 vinda.
694 1725 774 1776 Polit.
789 1727 861 1776 Cori.
875 1725 957 1774 Perta.
971 1725 1085 1774 Heriem.
1098 1733 1125 1773 et
1135 1725 1203 1775 Edd.
1215 1725 1287 1773 Vett.
1299 1731 1395 1786 prater

306 1787 367 1836 Bas.
379 1786 461 1849 Lngd.
474 1787 573 1850 Gryph.
585 1791 633 1838 &a
666 1789 751 1839 Etiam
761 1805 813 1838 aen.
821 1790 889 1853 prius
899 1789 994 1838 Medic.
1006 1792 1029 1838 1.
1037 1793 1110 1838 tet
1121 1789 1197 1838 Torr.
1209 1796 1282 1852 putat
1295 1787 1393 1838 Latinis

304 1850 387 1898 literis
397 1851 508 1900 emiterno
517 1851 648 1900 scribent.
658 1853 703 1902 sed
721 1854 746 1902 in
758 1854 821 1902 Mea.
838 1854 871 1904 0.
890 1855 931 1903 vei
948 1853 1042 1904 Graue
1053 1859 1180 1908 exaratur,
1198 1854 1238 1901 vei
1256 1852 1342 1915 spatio
1353 1867 1394 1900 re·

304 1913 367 1962 licto
378 1915 516 1964 omittitur.
548 1916 580 1964 In
591 1914 669 1964 vind.
677 1920 701 1966 l.
711 1918 815 1977 caudato,
825 1925 851 1966 et
859 1918 918 1966 Urs.
932 1917 981 1976 leg.
991 1917 1066 1981 conj.
1075 1917 1201 1980 protum
1233 1917 1393 1980 'l'ransponit

303 1977 410 2028 Mamm.
425 1991 476 2026 cam
485 1979 511 2028 ts
519 1995 543 2040 q.
552 1981 576 2028 d.
587 1995 611 2043 p.
621 1979 676 2040 ipa.
692 1981 754 2030 ttoni
767 1981 863 2030 Medic.
876 1985 897 2030 1.
909 1985 934 2031 3.
953 1983 1028 2030 Voss.
1040 1987 1066 2030 ut
1075 1983 1103 2030 iu
1113 1998 1135 2043 q.
1144 1983 1170 2031 d.
1179 1997 1205 2044 p.
1216 1995 1269 2030 cam
1280 1981 1393 2029 Potiu.-

303 2045 319 2089 t
337 2043 461 2091 Gesner-it
473 2043 540 2091 Edd.
552 2043 611 2093 Bas.
622 2053 648 2092 et
659 2058 731 2108 seqq.
749 2045 794 2094 sad
807 2045 869 2094 iiiud
881 2045 915 2093 ob
927 2045 1008 2095 Codd.
1019 2059 1169 2094 consensum
1180 2046 1313 2110 rescripsit
1324 2043 1392 2094 oud.

304 2119 361 2156 eum
373 2107 437 2156 aliis.
470 2107 605 2171 Repetunt
621 2121 721 2173 quoqne
736 2123 817 2160 mune.
828 2110 917 2159 erardi
929 2111 1001 2161 Cort.
1014 2109 1082 2160 Edd.
1095 2111 1170 2159 itum.
1182 2111 1206 2158 iu
1220 2108 1270 2159 dne
1283 2109 1391 2174 periodi.

790 2223 898 2273 NOTAE

302 2332 668 2388 tibicinemadesucnoiuerit:
683 2335 826 2399 tibiaqnip·
865 2337 919 2385 neis
942 2335 982 2384 vei
1001 2351 1033 2384 ex
1051 2337 1103 2386 alia
1120 2334 1227 2385 materia
1245 2335 1391 2386 minutatim

302 2422 336 2470 pa
358 2417 410 2458 tam
430 2411 456 2458 iu
473 2407 606 2460 funeribus
624 2423 697 2475 qnam
716 2410 742 2459 in
761 2409 826 2460 ludis
864 2411 976 2468 concisa,
986 2426 1016 2462 ac
1029 2413 1105 2462 variis
1116 2411 1246 2462 coloribus
1256 2411 1391 2476 distincta,

301 2485 450 2536 utebantur·
864 2487 949 2550 qualit
961 2487 1108 2549 pauimenta
1126 2487 1171 2536 iiia
1188 2489 1277 2536 marsini
1294 2488 1390 2550 aperis,

333 2559 525 2624 erumpatin]
534 2561 604 2610 Hinc
614 2561 729 2623 colligas,
737 2575 827 2611 rocem
864 2561 1000 2625 dequibus
1017 2563 1042 2611 in
1053 2562 1124 2614 Juiio
1140 2577 1199 2626 cap.
1211 2566 1252 2612 iu.
1267 2571 1294 2610 et
1314 2563 1390 2626 pirna

300 2637 371 2688 iiiam
383 2639 408 2687 iu
421 2652 467 2686 usu
478 2641 622 2701 promiscuo
633 2641 826 2704 tuneiemporir
864 2639 943 2686 etiem
956 2639 1071 2702 Scaliger
1082 2639 1114 2687 ad
1134 2637 1224 2688 tibrum
1237 2653 1264 2688 u·
1278 2639 1390 2690 Manilii.

302 2728 352 2764 nan
365 2712 451 2770 inisse,
463 2721 492 2764 ut
502 2713 551 2763 i'uit
563 2723 661 2778 postea,
673 2731 730 2778 cap.
739 2721 782 2766 3⁰.
863 2713 948 2762 Porro
959 2715 1049 2762 mirum
1061 2721 1102 2762 ent
1114 2728 1202 2764 rocem
1212 2713 1278 2764 hanc
1289 2729 1306 2764 a
1314 2715 1391 2765 'iibe-

334 2788 343 2822 f
351 2789 490 2850 'tamam
508 2790 557 2839 Dio
574 2789 618 2838 iib.
631 2803 698 2839 uvir.
713 2791 749 2840 eit
762 2791 827 2840 veti·
864 2787 901 2835 rio
912 2787 1083 2851 repudiatam,
1094 2803 1146 2852 qna
1160 2803 1211 2838 uon
1223 2789 1316 2839 Cicero
1334 2798 1391 2840 tsn-

301 2871 355 2913 tum
378 2878 393 2912 a
413 2865 526 2922 Tiberio,
545 2877 578 2912 us
595 2867 653 2928 quia
670 2880 748 2916 aureo
766 2881 825 2916 vaso
863 2869 916 2912 tum
939 2877 1010 2926 rape
1031 2878 1091 2912 usus
1112 2872 1190 2919 esset,
1212 2865 1257 2912 red
1278 2871 1388 2914 etanta

299 2938 350 2986 nisi
365 2938 396 2986 ad
410 2953 450 2988 res
465 2953 551 2988 sacras
569 2946 686 2990 uteretur
696 2957 704 3002 ς
715 2955 825 3004 cumque
862 2937 945 3001 ipsum
957 2939 1081 3000 Lucilius,
1092 2946 1122 2988 ut
1133 2946 1207 3002 patet
1218 2952 1249 2988 ex
1260 2939 1318 3002 eju·
1330 2953 1386 2990 uer·

300 3014 448 3066 dubitarent
460 3015 571 3078 quidam,
580 3029 612 3064 au
624 3015 703 3065 etiam
715 3029 775 3064 vasa
786 3030 826 3063 ar·
862 3013 941 3076 cibun,
957 3029 1022 3078 qnos
1041 3016 1128 3078 legere
1145 3020 1186 3064 est
1202 3015 1271 3080 apud
1284 3016 1389 3067 Cicero·

300 3097 466 3154 gentemque
474 3089 710 3156 emblemaaiiquod
720 3105 825 3141 aureum
862 3104 920 3140 nem
933 3104 951 3138 ι.
962 3090 995 3138 de
1008 3090 1084 3140 Orat.

299 3163 439 3227 habebant,
457 3171 543 3214 essent
562 3166 699 3228 prohibita,
716 3162 825 3216 vetitum
893 3175 906 3210 κ
924 3168 1020 3232 Groece]
1041 3167 1238 3218 Verosimiiiima
1251 3177 1291 3219 est
1303 3170 1389 3220 Caroii

299 3253 402 3303 qnoque
424 3253 457 3288 ne
477 3239 505 3288 in
527 3238 612 3290 edicto
631 3253 709 3302 super
728 3241 776 3290 hac
796 3255 825 3290 re
861 3243 953 3307 Luugii
971 3243 1133 3310 conjectura,
1153 3259 1227 3309 quam
1245 3253 1275 3296 et
1294 3247 1389 3311 probat

298 3315 380 3376 facto,
397 3331 447 3366 vox
463 3317 470 3344 ‘
484 3313 625 3366 ambiema'
646 3326 825 3380 usurparetur,
860 3319 1020 3382 Torrentius,
1033 3319 1098 3370 haue
1109 3335 1201 3385 nempe
1217 3335 1307 3373 vocem
1320 3324 1388 3388 prio·

300 3400 390 3456 utpote
412 3407 470 3456 qua
492 3391 588 3441 Gracc
608 3389 686 3448 soret,
708 3392 824 3456 quamvis
861 3393 931 3442 ribus
948 3393 1076 3444 duntaxat
1095 3397 1177 3445 literis
1194 3406 1326 3448 exaratam
1339 3399 1386 3450 Gr.

298 3467 379 3517 dictio
392 3467 484 3516 Latina
497 3481 546 3514 uon
562 3473 722 3530 suppeteret,
733 3481 781 3531 qun
797 3465 823 3516 id
860 3467 949 3533 saitae,
967 3485 999 3520 ex
1016 3487 1068 3536 qua
1085 3473 1177 3537 aliquis
1195 3473 1289 3526 fecerit
1302 3475 1386 3525 Groece

299 3541 495 3606 significaretur.
534 3541 615 3605 Cujus
635 3543 713 3592 edicti
733 3543 821 3594 merni-
860 3561 919 3596 eum
948 3548 1059 3598 Graecum
1086 3549 1236 3612 debuisset,
1267 3553 1289 3600 si
1316 3553 1385 3602 euim

299 3619 368 3668 nisse
387 3617 587 3668 uidetnretiam
602 3617 707 3666 Tacitus
724 3618 767 3668 iib.
780 3631 822 3668 nr.
860 3621 955 3672 Graece
976 3624 1130 3689 interrogari
1151 3628 1262 3678 miiitum
1282 3629 1386 3690 liceret,

299 3691 392 3742 Annei.
403 3692 434 3740 ad
446 3705 538 3742 annum
551 3695 608 3741 itu.
619 3691 663 3741 ubi
673 3691 770 3742 Tiberii
784 3708 821 3743 ra·
858 3697 946 3761 quidni
958 3706 986 3748 et
998 3699 1172 3762 respondere?
1205 3702 1254 3752 Cui
1273 3702 1385 3768 accedit,

297 3767 496 3833 sertepistoiam
508 3781 586 3830 cuper
601 3767 743 3818 euireeudo
761 3770 821 3820 inan
859 3774 927 3836 qnod
938 3773 1026 3824 Greci
1042 3777 1083 3824 vei
1101 3777 1126 3825 iu
1145 3775 1202 3840 ipsa
1219 3778 1321 3828 Gracia
1333 3779 1382 3828 La·

294 3847 420 3920 seriptum
440 3844 473 3892 sd
490 3844 621 3894 Senatum.
661 3845 823 3896 Embleruata
860 3848 982 3897 tiaeeum
996 3848 1206 3915 Romanisugere
1218 3853 1385 3917 juberentur,

298 3929 384 3972 autem
410 3926 470 3970 runt
493 3919 567 3982 sigua
588 3917 654 3966 vasis
676 3927 721 3969 ant
743 3921 821 3970 etiam
859 3930 889 3970 ut
906 3924 1030 3988 colligere
1046 3931 1087 3976 ert
1105 3941 1138 3976 ex
1149 3929 1385 3991 jurisconsultisad

297 3997 413 4046 uestibus
439 3995 471 4043 ad
499 4001 618 4045 ornatum
652 3995 820 4061 adhaerentia,
858 3998 903 4050 liu.
922 4011 1017 4049 atriu.
1036 3998 1063 4050 ff.
1089 4001 1122 4050 de
1152 4017 1180 4053 re
1208 4004 1338 4068 judicata,
1355 4011 1383 4054 et

298 4085 365 4134 qua,
374 4079 517 4122 crustarum
528 4070 618 4127 instar,
633 4069 733 4121 detrahi
742 4087 819 4138 quau·
858 4075 961 4124 Valerio
974 4077 1089 4128 Maximo
1101 4079 1144 4131 tiu.
1154 4093 1185 4131 u.
1197 4095 1256 4144 cap.
1265 4087 1288 4137 t·

298 4145 383 4208 doque
409 4153 537 4210 poteraut.
583 4145 715 4210 Significat
741 4150 820 4200 etiam
890 4149 1384 4217 11Νιιιιωιιιιιιιῐε]Ριιιηιῑιοιιιιιιτίιειυιιιι

297 4233 389 4284 opusa
406 4221 534 4272 tesseruiia
549 4221 701 4286 quibusdam
716 4226 756 4276 uel
772 4225 819 4290 itq-
858 4227 1383 4296 ejusmodiiocs‚pugnisuavaiibuaeden·
