3216 4918
657 427 848 478 rinneins.
1230 418 1295 484 tur

208 569 410 646 dedicasset,
433 569 587 652 Capreas·
603 587 640 634 so
662 570 824 650 eontulit;
846 573 1017 655 praecipua
1039 571 1220 638 delectabis
1245 575 1295 640 iu-

208 673 295 750 sula,
317 671 408 755 qnod
428 689 497 736 uno
520 690 689 754 parvoque
714 673 824 738 littora
850 672 1004 752 adiretur,
1032 681 1130 757 septa
1154 675 1297 759 undique

207 775 383 856 praeruptis
397 773 566 836 immensae
580 772 764 840 altitudinis
785 776 933 857 rupibus,
952 780 984 839 et
1001 775 1166 858 profundo
1185 777 1297 842 maris.

97 949 101 958 ⁸
207 874 391 956 Statimque
405 881 578 940 revocante
593 875 728 939 assidua
741 877 987 942 obtestatione¹
1007 878 1146 961 populo,
1160 883 1298 962 proptor

207 973 352 1050 cladem,
373 992 441 1056 qna
456 973 547 1056 apud
564 972 732 1038 Fidenas‘¹
754 995 855 1059 supra
871 993 941 1042 xx.
963 977 1153 1042 hominumt
1179 979 1296 1059 millia,

207 1073 406 1154 gladiatorio
428 1093 572 1150 munere,
595 1074 829 1156 amphitheatri
856 1078 952 1142 ruina
971 1080 1145 1160 perierant,
1167 1081 1298 1148 transiit

206 1174 240 1240 iu
256 1176 490 1252 continentem,
504 1182 771 1258 potestatemque
792 1177 946 1242 omnibus
966 1177 1109 1242 adeundi
1129 1180 1183 1244 sui
1198 1181 1296 1246 leuitt

207 1281 303 1338 tanto
314 1276 432 1358 magis,
444 1276 532 1359 quod
545 1275 653 1342 Urbe⁴
668 1275 855 1356 agrediens,
867 1295 910 1341 ue
923 1279 998 1360 quis
1012 1295 1050 1344 se
1064 1278 1297 1360 interpellaret,
1333 1273 1336 1280 “

188 1375 372 1465 edixerat,
388 1396 429 1441 ae
452 1385 526 1441 toto
543 1377 661 1440 itinere
676 1377 835 1442 adeuntes
849 1383 1080 1446 summoverat.
1122 1379 1206 1462 [eL]
1227 1381 1297 1448 Re·

206 1485 360 1557 gressus5
375 1478 410 1542 in
425 1479 578 1556 insulam,
591 1479 801 1561 Reipublicae
816 1478 951 1562 quidem
966 1498 1076 1543 curam
1088 1498 1195 1563 usqua
1210 1482 1297 1548 adeo

207 1577 341 1658 abjecit,
363 1587 400 1643 ut
419 1587 542 1663 postea
561 1599 624 1643 non
640 1579 794 1644 decurias
810 1580 979 1663 equitum·
999 1597 1146 1663 unquam
1160 1583 1296 1664 supple-

206 1677 263 1756 rit;
278 1697 345 1742 nou
355 1679 521 1744 Tribunos
531 1681 671 1745 militum
686 1679 962 1764 Praesensquef
975 1699 1041 1744 non
1054 1681 1297 1762 provinciarum

206 1779 368 1861 praesides
384 1781 472 1846 ullos
483 1783 682 1862 mutaverit3
705 1782 910 1866 Hispaniam
932 1789 965 1848 et
986 1779 1137 1867 Syriam'
1156 1802 1218 1866 per
1238 1783 1297 1846 ali·

206 1886 287 1962 quot
299 1900 402 1946 annos
417 1883 488 1947 sine
502 1883 734 1949 consularibus
747 1885 887 1968 legatis⁸
906 1884 1072 1963 babuerit3
1086 1879 1297 1948 Armeniam*

659 2075 839 2098 ΝΜΟΝΟ

209 2207 324 2252 sent-t
343 2203 483 2254 Odetntiese
492 2204 562 2254 Dnn.
575 2203 631 2268 an.
660 2204 713 2254 Pro
724 2220 771 2268 qen
782 2204 828 2254 dat
838 2205 943 2254 Memor.
953 2221 1031 2270 pense.
1054 2205 1149 2256 bledla.
1162 2210 1185 2254 1.
1195 2210 1220 2256 7.
1231 2206 1297 2270 Cup.

207 2269 289 2330 marg.
300 2267 349 2316 Ed.
363 2268 467 2317 Mediol.
478 2267 541 2330 quia.
575 2268 658 2331 Supra
671 2268 697 2317 in
710 2269 774 2318 Edd.
788 2269 1010 2332 flammise-8
1027 2269 1100 2319 Hom.
1110 2270 1173 2320 XX.
1186 2270 1297 2322 vindi.

207 2332 304 2380 Contra
315 2331 381 2380 nattis
390 2333 452 2380 bour.
465 2331 523 2394 cij.
557 2331 621 2380 Tum
638 2333 771 2394 gladiatore
791 2333 867 2380 lluls.
887 2340 915 2381 et
929 2333 1053 2396 pariebant
1072 2335 1178 2383 Mamm.
1210 2335 1297 2384 Etiam

205 2394 377 2444 incontinenter
387 2395 596 2445 Medie.l.t.—t
613 2396 699 2458 Vulgo
717 2397 779 2458 quod
797 2396 826 2444 ud
847 2395 917 2458 Urbe,
934 2396 978 2445 sed
994 2411 1044 2445 non
1063 2404 1205 2459 agnoscunt
1220 2397 1249 2446 ei
1266 2397 1297 2446 ab

207 2459 258 2510 dno
269 2461 342 2508 Tere.
353 2459 451 2508 Medio.
467 2463 490 2509 l.
503 2463 527 2507 a.
538 2459 616 2508 Vind.
628 2464 652 2508 2.
664 2459 729 2522 cop.
743 2459 818 2509 linis.
834 2460 909 2510 Voss.
922 2460 988 2509 Edd.
1000 2462 1073 2510 llum.
1084 2475 1136 2509 sec.
1148 2461 1237 2522 Stepir.
1254 2477 1298 2524 quo

206 2523 236 2574 sd
250 2523 315 2573 Urbe
325 2524 397 2573 cort.
409 2523 495 2577 Paria.
507 2523 572 2572 Edd.
585 2524 650 2572 Van.
662 2523 758 2573 Sabell.
769 2523 840 2579 Med.
850 2523 921 2574 cald.
929 2525 989 2586 quad
999 2524 1029 2573 nd
1040 2525 1070 2574 U.
1078 2524 1297 2585 euredumvtnd.

208 2591 231 2636 l.
257 2587 324 2638 Dein
335 2601 364 2636 as
374 2588 415 2650 pai
424 2601 449 2636 ee
458 2588 635 2650 interpellarent
655 2587 733 2636 Viud.
748 2591 773 2636 2.
791 2589 868 2636 Fons.
885 2601 914 2637 as
927 2588 967 2650 qai
982 2603 1008 2638 ee
1024 2589 1183 2652 interpellaret
1200 2589 1298 2638 Medic.

207 2655 316 2698 tres-t
335 2651 452 2700 liernsrrs
463 2651 542 2700 Fonc.
554 2651 619 2699 Edd.
629 2651 703 2700 lionr.
730 2650 797 2700 Item
810 2656 836 2700 ut
844 2655 898 2714 post
909 2666 949 2700 ees
958 2666 1004 2700 eoa
1015 2652 1073 2716 coj.
1089 2655 1207 2716 suppleret
1217 2652 1297 2703 Vind.

208 2717 233 2762 1.
245 2712 318 2762 Cort.
330 2713 413 2763 Paris.
428 2715 541 2763 llaelern.
552 2713 620 2763 Edd.
631 2713 706 2765 Rom.
722 2715 793 2763 Med.
804 2715 878 2765 cairi.
887 2713 953 2763 Vsu.
965 2715 1050 2778 Lugd.
1060 2715 1136 2766 Jnnt.
1147 2717 1210 2778 Arg.
1221 2717 1299 2780 sapie·

206 2777 270 2827 uerit
281 2777 360 2826 Vlud.
373 2783 446 2829 l.-d
461 2777 567 2838 Perfert.
580 2779 659 2828 Fano.
691 2777 804 2829 Inferius
822 2778 923 2843 prabet
935 2779 1000 2842 Cop.
1011 2779 1172 2842 repleam-i
1190 2780 1298 2829 Nepotes

695 2939 804 2990 NOTAE

239 3033 383 3098 iridem]
414 3035 483 3086 latii
509 3035 644 3100 oppidum,
664 3035 733 3101 quod
773 3037 1002 3102 sint,inAnpneto
1017 3050 1076 3099 esp.
1091 3038 1133 3085 tt.
1165 3033 1238 3084 idern
1256 3034 1299 3084 tre·

209 3109 734 3175 nunciateunibusineertisqueuestigiis
773 3110 819 3160 bet
836 3113 939 3162 'l'eeitns
960 3113 1005 3161 lib.
1025 3125 1045 3159 r.
1064 3109 1215 3159 Annalium:
1243 3109 1298 3158 ‘ld

208 3185 278 3237 eires
289 3184 395 3236 Anienis
405 3185 558 3250 ‘liberisque
574 3183 733 3236 conduentes
773 3199 873 3248 qnoque
882 3201 978 3236 moram
985 3183 1299 3235 ‘l'iberiit'uituontinuass

208 3260 365 3322 ostenditur,
376 3269 481 3310 snotors
498 3261 619 3310 Cluverio
635 3260 680 3310 lib.
690 3273 733 3310 ιιι.
772 3261 890 3324 imperia,
900 3275 930 3310 ae
943 3263 1076 3324 plerosque
1093 3257 1125 3308 ad
1142 3257 1219 3308 tinem
1237 3258 1297 3308 rita

208 3336 355 3388 introduct.
384 3351 443 3400 esp.
470 3339 512 3386 77.
539 3335 733 3386 Multitudinenr
772 3334 798 3386 in
815 3335 906 3386 iisdem
919 3333 1298 3398 exereitibossuijurisdietio·

208 3412 273 3462 hano
293 3425 344 3461 non
361 3411 534 3466 Fidenatium,
554 3411 600 3460 sed
620 3411 734 3474 peregri·
771 3410 959 3462 nibuelrabere.
986 3409 1173 3460 Camerarius
1192 3409 1297 3459 tradun-

208 3500 297 3537 norum
308 3484 388 3536 inisse
402 3485 568 3536 Casaubonns
582 3497 615 3532 ex
631 3499 663 3536 eo
680 3487 733 3534 eol·
773 3494 824 3548 tur,
834 3489 876 3538 alii
888 3488 967 3540 taedio
979 3503 1051 3540 nova
1063 3501 1141 3548 eura,
1151 3488 1230 3538 sanuel
1242 3488 1296 3551 pla·

207 3562 273 3624 ligii,
283 3561 350 3626 qnod
364 3560 469 3611 fidenas
482 3560 735 3625 tuneteurporlsuou
773 3563 827 3612 sits
839 3577 885 3626 pro
904 3565 1008 3614 uternis
1023 3563 1176 3624 servavisse,
1192 3562 1297 3627 quidam

208 3637 316 3686 multum
332 3633 517 3700 frequentata,
534 3641 563 3685 nt
578 3634 662 3686 innuit
680 3635 736 3686 lin·
773 3638 880 3701 insidis,
901 3653 934 3689 ne
956 3641 1041 3702 plnres
1061 3638 1227 3700 fruerentur,'
1247 3641 1297 3686 dre.

209 3711 290 3760 ratius
306 3711 351 3760 lib.
370 3723 390 3760 ι.
412 3711 497 3774 Epist.
520 3712 552 3761 ad
574 3711 734 3760 Bullatium:
774 3717 810 3764 Et
831 3714 897 3765 lrune
919 3715 1047 3777 ioseplrus
1068 3715 1114 3764 lib.
1136 3727 1219 3764 xrrrr.
1238 3711 1297 3762 ideo

208 3783 285 3836 ‘Sole
297 3785 413 3836 Lebedus
431 3799 508 3851 quam
527 3785 562 3834 sit
579 3785 671 3836 Gabiis
690 3785 735 3834 de·
773 3789 870 3845 laudat,
881 3787 948 3852 qnod
960 3789 1008 3838 liae
1018 3788 1120 3852 imperii
1130 3787 1298 3838 diuturnitate

209 3859 301 3909 sertior
312 3865 388 3924 atqua
400 3861 503 3912 Fidenis
514 3860 611 3918 vicus?
621 3865 671 3910 deo.
773 3861 877 3912 ditiores
893 3868 920 3910 et
937 3863 1017 3911 saturi
1031 3860 1102 3922 iacti,
1112 3860 1205 3910 tierent
1215 3859 1248 3910 ad
1259 3874 1298 3910 rs·

241 3941 252 3967 ⁶
267 3935 384 3985 Deterior
396 3933 521 3999 Equitem]
539 3933 597 3984 lino
607 3933 735 3998 ert,jnoi·
774 3937 895 4001 piendum
908 3937 1019 4000 denique
1030 3937 1170 3998 segniores.

209 4023 267 4060 eum
280 4007 391 4075 illorum,
407 4009 543 4076 dequibus
560 4009 585 4058 in
598 4008 664 4074 einp.
675 4021 735 4072 esp.
804 4009 817 4044 ¹¹
834 4012 982 4074 Ameriam]
1004 4010 1071 4060 Hae
1082 4009 1154 4072 regio
1165 4009 1297 4072 Euphrate

211 4089 254 4136 79.
772 4083 875 4136 dunrine
886 4084 1049 4132 dividebatur
1060 4083 1086 4132 iu
1095 4083 1229 4146 majorem,
1240 4099 1297 4147 quas

244 4159 255 4192 f
268 4161 377 4226 Quane]
394 4162 462 4229 Aug.
473 4176 532 4227 esp.
544 4165 583 4212 17.
772 4159 848 4210 lrodie
862 4159 1024 4220 Μουκία,
1036 4159 1112 4222 Popal
1120 4165 1147 4208 et
1160 4161 1253 4218 Gardi,·
1271 4168 1299 4209 et

244 4237 441 4290 ‘Grauioribus
461 4235 558 4302 lesetid
574 4237 617 4287 De
627 4235 666 4287 bis
674 4235 734 4301 quid
773 4237 906 4300 minorem,
919 4250 977 4300 qna
994 4235 1089 4286 Periere
1102 4239 1131 4286 et
1148 4234 1297 4298 dominp-
