3228 4926
309 375 374 442 282
739 390 770 436 c.
792 387 970 437 sunnonn

311 541 464 599 torumsq
485 532 598 599 medin
611 541 734 598 ouvea¹
755 533 892 598 sederet.
938 530 1122 596 Ferentinis·
1138 549 1179 592 ne
1193 529 1399 612 gladiatores

311 635 457 718 quidem,
477 655 563 718 quos
588 637 777 717 promiscuo
801 635 944 717 spectari
966 633 1102 696 solenne
1128 632 1207 695 olim
1230 640 1314 709 eret,
1337 633 1402 696 nisi

311 754 358 798 ex
380 739 549 818 superiore
571 738 646 800 loco
671 742 825 819 spectare
848 733 1033 798 concessit²
1056 729 1165 796 solia.⁶
1208 730 1401 813 Virginibus

312 835 512 902 Vestalibus
527 839 640 902 locum
656 838 690 900 in
703 837 833 901 theatro
844 835 1034 918 separatim,
1048 838 1205 897 utcontra
1218 831 1404 897 Praetoris¹¹

311 938 453 1002 tribuual
467 938 567 1002 dedit.
611 937 819 1001 Athletdrum
829 943 843 970 ⁹
869 953 946 1000 voro
962 934 1158 1020 spectaculo
1172 934 1334 998 muliebre
1348 953 1401 998 ae-

312 1055 372 1100 cus
394 1046 528 1102 omnos⁷
551 1038 637 1102 adeo
660 1036 853 1111 summovit,
876 1043 914 1099 ut
935 1032 1191 1099 Pontificalibus
1206 1032 1293 1097 ludis
1307 1034 1403 1115 pugi-

770 1222 947 1253 eemeoe'mo

313 1371 327 1412 u
347 1363 496 1412 Buliotonon
512 1361 577 1412 Mra.
595 1361 717 1410 Beroald.
733 1361 806 1412 Torr.
822 1361 902 1410 Viud.
918 1363 943 1411 i.
960 1360 1040 1410 Polit.
1058 1359 1142 1409 Peria.
1158 1357 1230 1408 Cori.
1246 1356 1315 1406 Edd.
1329 1357 1403 1406 Rom.

313 1428 395 1476 Paulo
415 1437 474 1474 ente
495 1425 573 1475 Viud.
593 1431 617 1475 l.
635 1428 726 1486 macrii,
744 1425 836 1476 omiaao
851 1431 952 1488 pne-6
968 1425 1044 1474 lianc
1055 1423 1286 1483 interpunctionem
1304 1421 1405 1483 recepit

314 1491 422 1548 Banmp.
440 1491 615 1553 preeuntibus
632 1490 741 1541 carcub.
753 1491 830 1540 Grnt.
843 1491 930 1539 Burro.
942 1489 1004 1539 Eun.
1016 1489 1086 1539 Ond.
1098 1486 1174 1536 Wolf.
1198 1485 1274 1547 Vnig.
1284 1484 1403 1534 concurrit.

315 1553 378 1602 Solia
388 1554 499 1614 ηιμ-7
518 1555 584 1604 Hauc
595 1562 634 1603 eat
646 1553 790 1603 emendatio
802 1554 883 1604 Gron.
895 1553 928 1602 ad
939 1555 996 1603 Lir.
1008 1554 1026 1601 l.
1040 1565 1122 1601 xxvr.
1134 1554 1175 1601 47.
1193 1550 1301 1612 probata
1318 1549 1406 1599 Grrer.

315 1617 384 1666 Oud.
399 1615 476 1666 Wolf.
509 1619 588 1667 Dedit
601 1620 663 1668 Eru.
681 1625 709 1668 et
720 1627 779 1683 port
795 1633 853 1668 enm
863 1617 924 1682 Bip.
941 1617 998 1667 mul.
1016 1631 1082 1666 ιιιιιι
1096 1631 1175 1676 ornne,
1187 1615 1255 1664 aient
1271 1614 1368 1676 iegitur
1378 1613 1406 1662 iu

805 1773 913 1825 NOTAE

315 1885 391 1936 ciriae
398 1885 430 1935 ad
441 1886 725 1951 tumulnm‚cnueorque
734 1885 840 1948 theatri,
880 1899 926 1935 ora
936 1885 1024 1935 Primo
1036 1891 1139 1948 patrum
1152 1884 1251 1946 magnit
1261 1883 1346 1932 Salina
1357 1884 1408 1931 ela-

315 1963 440 2012 Incensura
451 1962 549 2025 perfert
558 1961 781 2012 nevernorum:
806 1961 840 2010 Et
880 1959 1111 2024 moriburimplet.’
1146 1961 1180 2010 Et
1194 1973 1286 2009 revera
1303 1959 1408 2008 Servius

314 2037 377 2086 alibi
385 2037 502 2089 Juvenal.
513 2039 567 2088 Sat.
576 2052 615 2088 vr.
624 2053 659 2087 ιι.
669 2042 709 2088 bl.
726 2041 734 2066 ‘
746 2037 841 2087 Cnneia
881 2035 915 2084 ad
926 2036 993 2084 lmuc
1004 2037 1087 2086 locum
1105 2037 1151 2097 ait,
1162 2041 1170 2066 ⁸
1180 2051 1226 2100 per
1241 2048 1347 2086 caream
1364 2051 1408 2084 au·

316 2127 349 2161 an
361 2113 455 2161 babent
471 2115 620 2176 spectacula
632 2115 696 2163 totio
714 2111 790 2165 Quod
802 2125 841 2162 ιι·
882 2116 934 2159 tem
956 2111 1059 2174 plebem
1081 2109 1225 2174 significan
1247 2125 1306 2160 nam
1328 2123 1409 2160 caree

314 2189 550 2248 currraamer,'dtc.
578 2189 841 2253 Depraetextatiari·
882 2195 1069 2236 conaounteat
1085 2186 1196 2250 populi!
1227 2187 1409 2238 Queridetnr

315 2263 451 2314 detinet.
464 2264 582 2315 ianlio.
880 2263 960 2312 etiam
982 2276 1035 2312 rare
1056 2262 1171 2312 Suetonii
1195 2263 1338 2322 senteutia3
1357 2261 1410 2313 Au·

347 2341 537 2404 tPrrilotoram]
565 2340 650 2404 linjna
675 2341 743 2390 enlm
764 2353 841 2402 geue·
883 2343 973 2400 guttur
987 2337 1054 2386 enim
1066 2337 1098 2386 ad
1111 2339 1167 2386 loca
1183 2339 1293 2386 omnium
1304 2337 1409 2386 minime

316 2416 351 2463 rir
368 2416 521 2465 vestimenta
544 2415 649 2480 popello
666 2415 793 2465 duntaxat
814 2421 842 2464 et
882 2413 1015 2462 commoda
1036 2413 1149 2476 pullatoa
1170 2414 1242 2478 quari
1263 2412 1409 2476 ablegaban

316 2488 443 2551 imperite
470 2490 630 2539 multitudini
652 2489 842 2540 conveniebant
881 2495 912 2537 nt
938 2486 1069 2537 efficacior
1096 2488 1210 2539 habiturn
1237 2487 1409 2550 vertitumqna

316 2563 425 2619 Quintil.
437 2563 480 2612 lib.
494 2577 531 2612 vr.
543 2579 602 2627 cap.
613 2569 637 2613 b.
653 2566 660 2592 ‘
674 2564 801 2629 imperitia
815 2571 843 2614 at
882 2561 1017 2626 priatluuro
1029 2563 1187 2614 restitueret·
1204 2561 1270 2612 Vide
1281 2575 1339 2624 cap.
1350 2566 1393 2614 40.

316 2653 387 2702 aarpe
396 2639 500 2701 pollata
514 2639 595 2688 turbe
607 2639 773 2704 relinquunt.'
790 2640 842 2690 Pli-
914 2637 1067 2702 'Feminid
1089 2638 1189 2690 Quibua
1211 2637 1285 2688 licuit
1306 2637 1410 2701 quidem

316 2715 373 2763 uiua
382 2714 483 2764 lib.vrr.
492 2715 665 2778 Epistularum
675 2729 682 2763 t
692 2720 700 2742 ⁸
709 2715 772 2764 llloe
780 2729 843 2779 qno·
883 2713 954 2774 olim,
965 2711 1011 2762 aed
1024 2725 1074 2762 nou
1092 2714 1147 2764 uine
1162 2714 1288 2778 permissu
1300 2714 1410 2764 virorum

317 2801 368 2852 qne
379 2789 495 2837 aordidor
505 2789 667 2853 potiaturque
677 2788 843 2851 reveremur,’
884 2787 985 2852 ιᾱιιιι,
995 2793 1025 2838 nt
1042 2795 1141 2838 coortat
1158 2791 1276 2854 exemplo
1292 2791 1410 2853 Sempro·

317 2865 366 2912 &n
383 2863 550 2925 Calpurnium
561 2867 570 2894 ⁴
580 2865 705 2913 Venimus
716 2863 748 2914 ad
760 2864 844 2928 ceder,
884 2864 919 2912 nii
931 2863 1019 2928 Sopbi,
1030 2863 1097 2928 quod
1109 2864 1228 2914 Valerinr
1245 2865 1354 2914 Maxim.
1366 2865 1412 2915 lib.

317 2939 362 2988 ubl
378 2939 448 3002 pulla
464 2939 568 2988 aorrlida
579 2947 651 2990 reate
667 2939 743 2989 Inter
761 2939 843 2989 ioemi·
885 2954 922 2989 rr.
940 2942 1043 3001 remum
1063 2953 1170 2990 uxorem
1190 2941 1258 2991 anim
1276 2941 1321 2991 ille
1341 2955 1411 2990 auam

316 3027 379 3063 near
389 3014 527 3078 rpectabut
537 3014 614 3064 turba
622 3015 844 3067 cathedrarum
884 3015 1019 3078 ignorante
1032 3029 1059 3065 re
1070 3023 1188 3079 rpeetare
1197 3030 1283 3067 aurern
1294 3016 1412 3080 repudia·

316 3103 395 3154 aupre
417 3103 476 3154 cap.
499 3094 539 3140 to.
562 3103 609 3153 pro
626 3090 770 3152 padomum
792 3091 842 3140 duo
883 3092 930 3142 rit.
965 3091 1022 3141 Nec
1045 3093 1123 3141 etiarn
1146 3091 1173 3141 in
1200 3092 1336 3156 reperiere
1363 3092 1412 3141 boc

316 3165 448 3216 Torrentii
463 3166 522 3216 libri
534 3167 682 3216 bellatumn.
716 3167 758 3216 De
773 3166 843 3217 bulla
883 3167 939 3216 loco
950 3165 999 3215 uiri
1010 3173 1144 3230 reparatae
1156 3180 1172 3214 ι
1184 3167 1260 3230 plebe
1272 3173 1414 3231 spectator,

316 3242 342 3289 iu
354 3242 408 3293 Jul.
418 3256 442 3292 c.
452 3246 493 3292 st.
883 3241 1051 3293 cuenbonua
1082 3241 1235 3304 existiman
1268 3256 1412 3307 quanquam

348 3325 358 3352 ⁸
374 3318 457 3368 Medio
471 3319 553 3382 ιιιιι]
569 3319 622 3368 Sed
637 3320 764 3384 superiori
780 3319 845 3370 dnn·
884 3325 957 3367 certe
976 3317 1134 3368 contrarium
1152 3317 1274 3367 evincere
1292 3317 1413 3368 ridentur

317 3401 400 3443 taxat.
431 3393 569 3442 Tbeatm·
591 3393 683 3456 primo,
705 3395 799 3446 deinde
817 3401 846 3445 et
885 3393 959 3442 relati
970 3407 1059 3442 veruna
1071 3407 1086 3441 e
1098 3393 1245 3454 Calpurnio·

317 3469 542 3532 amphitheatrum,
553 3482 611 3518 cum
624 3469 784 3527 invaluiraet.
796 3471 844 3520 La-
916 3468 1072 3531 temen]
1097 3469 1269 3528 corrobouun
1291 3474 1321 3517 nt
1341 3481 1412 3518 ruem

318 3543 378 3592 tinia
389 3541 460 3592 dieta
476 3549 535 3591 runt
551 3555 654 3606 qnoque
665 3557 754 3608 cerea,
763 3544 796 3595 ab
806 3547 844 3594 ia·
883 3543 952 3593 illam
963 3543 1107 3605 opinionem
1119 3544 1234 3607 adjuret,
1242 3543 1413 3606 rcribit,rper·

319 3620 415 3668 teriore
431 3617 470 3666 aui
491 3625 566 3681 parte
583 3625 613 3666 et
632 3619 720 3682 capaci
734 3619 844 3684 quodam
884 3625 935 3668 tare
950 3617 1061 3666 conruit
1077 3618 1133 3667 rolir
1152 3618 1291 3680 Virginibro
1311 3618 1412 3668 Vertuii·

318 3693 457 3760 profundo,
469 3701 499 3743 ut
509 3693 545 3743 ait
556 3694 657 3757 Lipaiua
674 3695 701 3743 ira
713 3693 846 3757 Amphitb.
885 3694 937 3744 bna.

320 3773 378 3822 Hoc
389 3785 477 3832 aenou,
486 3777 514 3818 nt
522 3783 554 3818 ex
563 3770 718 3834 rupradictia
726 3771 847 3833 colligere
917 3777 928 3802 ¹
947 3769 1036 3818 Contra
1053 3769 1183 3832 Pretorio]
1201 3769 1261 3819 Hoc
1272 3777 1312 3819 ert
1323 3783 1354 3818 ex
1369 3769 1415 3818 ad·

317 3857 367 3906 eat,
377 3861 464 3897 caree
481 3852 535 3895 trea
553 3853 649 3909 parter,
659 3860 675 3895 a
685 3860 736 3909 qno
748 3855 846 3908 tompo-
886 3859 971 3906 veruo,
980 3845 1025 3896 aed
1036 3845 1068 3894 ad
1081 3845 1185 3909 podium
1198 3845 1224 3894 ln
1240 3847 1296 3897 loeo
1308 3847 1416 3896 honora·

307 3936 346 3982 ,re
358 3923 462 3972 diremti
474 3923 499 3970 iu
510 3921 651 3985 epectando
665 3920 726 3985 loci,
735 3922 845 3971 Senator
884 3922 993 3982 turino,
1003 3930 1032 3972 nt
1043 3930 1125 3988 patet.

318 3998 374 4046 aiva
386 3998 527 4060 orebertra,
546 3997 687 4061 equertria,
701 3997 847 4060 popularia.
916 4005 927 4031 '
944 3998 1107 4062 Atiieturrrar]
1124 3998 1160 4048 lli
1177 4012 1264 4055 curan,
1275 3999 1356 4062 lucta,
1368 4011 1414 4061 pn·

319 4071 416 4120 Verum
432 4085 537 4120 caream
557 4073 626 4134 plebi
646 4073 780 4135 speciatim
803 4071 848 4120 tri·
886 4073 979 4136 pilibna
999 4072 1181 4130 decertabant,
1198 4085 1269 4122 more
1285 4089 1300 4122 ι
1317 4072 1416 4124 Grecis

320 4146 408 4195 buiare
420 4146 521 4196 ridetar
532 4147 614 4196 Poita
625 4161 651 4196 v.
663 4147 763 4197 AEuoid.
778 4147 848 4196 ‘liic
887 4146 1010 4209 deducto,
1026 4147 1052 4195 iu
1071 4147 1119 4196 hor
1139 4155 1223 4196 tamen
1241 4146 1415 4211 uirorumue,

321 4227 405 4273 toturn
420 4233 508 4272 cavera
524 4235 670 4272 conrarnmr
689 4221 802 4286 ingentio
819 4231 848 4272 at
887 4224 954 4288 qood
974 4223 1062 4274 Greci
1079 4221 1150 4279 nodi,
1169 4223 1277 4273 Romani
1293 4222 1416 4288 pudenda
