3120 4926
283 412 305 476 2
737 418 931 468 srrsroea·
992 483 995 492 Ι

283 569 461 634 distractas
476 565 610 648 subegit
632 563 768 642 Caesam
791 562 925 628 easdem
949 559 1142 626 Ludoricue
1166 557 1311 646 Magnus
1330 565 1379 628 in-

283 669 432 736 credibili
447 668 548 732 animi
562 664 801 749 magnitudine,
815 683 944 729 summa
958 662 1137 746 prudentia
1150 663 1184 726 iu
1208 665 1378 747 aedquam

283 771 440 836 ditionem
456 769 707 850 redactaepene
731 766 905 830 universas
928 764 1076 847 pacavit,
1100 770 1199 848 atque
1222 767 1306 830 adeo
1329 769 1378 829 in-

283 874 393 938 victas
406 870 526 935 effecit.
558 866 626 931 Tot
641 866 808 950 tantisque
822 867 922 930 rebus
934 866 1100 950 utrimque
1115 868 1218 949 gestis
1232 869 1378 932 invicem

283 973 426 1050 collatis,
445 971 704 1034 Snaanrssrau
720 965 938 1043 Drrrrmr,
960 967 1175 1050 triumphanti
1191 967 1379 1033 Galliarum

281 1075 419 1159 imperio
442 1071 673 1156 gratulaberis,
687 1077 721 1134 et
742 1069 863 1132 diffusa
886 1087 944 1151 per
967 1067 1158 1132 universum
1181 1071 1292 1133 orbem
1308 1069 1379 1134 Au·

282 1179 367 1262 gusti
379 1177 427 1242 tui
439 1172 591 1240 Parentis
605 1171 695 1236 sama
712 1168 901 1253 perfrueris,
923 1171 981 1252 qui
1007 1187 1070 1234 sua
1093 1171 1377 1254 magnanimitate,

281 1277 465 1354 clementia,
486 1279 586 1357 atque
600 1271 808 1336 humanitate
824 1270 977 1336 Caesares
991 1273 1088 1354 ipsos
1101 1278 1256 1337 terrarum
1272 1273 1379 1338 domi·

281 1399 342 1444 nos
361 1379 459 1458 longe
473 1372 656 1455 superarit.
701 1369 955 1437 Innumerabilia
965 1373 1114 1437 bostium
1127 1373 1304 1440 multitudo
1319 1394 1379 1440 un-

281 1480 382 1563 dique
397 1475 545 1542 collecta
559 1473 851 1558 depopulationem
865 1473 1081 1540 fertilissimae
1097 1483 1219 1540 nostrae
1236 1475 1379 1560 Campu-

281 1580 347 1644 uiae
368 1579 508 1661 parabat
533 1576 673 1641 inferre:
698 1574 757 1638 sed
780 1575 892 1638 statim
916 1575 949 1639 iu
972 1577 1048 1658 ipso
1071 1577 1161 1658 regni
1183 1576 1296 1640 limine
1317 1595 1378 1660 op·

280 1697 396 1764 pressa
408 1684 443 1742 et
457 1676 619 1759 dissipata
632 1681 694 1740 est
725 1673 839 1759 Atque
853 1678 904 1753 (ut
918 1675 1066 1741 aliatum
1078 1675 1191 1754 multa,
1201 1696 1271 1761 qua
1280 1683 1379 1758 terra,

282 1799 349 1863 qua
363 1779 457 1855 mari,
470 1778 525 1841 vel
539 1778 574 1840 iu
589 1777 667 1858 ipsa
681 1775 851 1854 America,
867 1785 902 1842 et
916 1797 1022 1861 nuper
1036 1779 1070 1842 iu
1086 1775 1202 1842 Africa
1216 1797 1376 1863 prospere

279 1887 376 1963 gesta
399 1874 665 1961 praetermittam)
700 1876 849 1942 Caesaris
881 1877 1057 1956 celeritati,
1086 1896 1157 1963 qua
1186 1880 1314 1961 saepius
1338 1901 1375 1944 ee

278 1978 456 2062 magnifiee
464 1977 622 2062 jactarit,
634 1977 796 2043 Ludovici
808 1977 926 2060 Magni
939 1977 1137 2044 celeritatem
1149 1980 1183 2044 iu
1197 1982 1296 2045 rebus
1307 1982 1376 2049 bel-

279 2080 356 2145 licis
381 2077 598 2143 conficiendis
623 2079 814 2161 longissime
837 2079 1102 2161 anteponendam
1124 2078 1192 2144 lato
1206 2098 1268 2144 suo
1284 2101 1377 2146 com·

279 2179 449 2264 probavit.
494 2178 545 2244 Iis
562 2179 779 2246 inhaerentem
795 2181 960 2262 vestigiis,
977 2186 1079 2263 atque
1094 2181 1193 2244 etiam
1205 2182 1270 2246 sub
1281 2192 1376 2248 tanto

280 2281 380 2347 Petro
394 2279 567 2364 Principe,
580 2299 726 2347 amorem
737 2301 779 2347 ao
795 2282 937 2346 deliciae
959 2280 1086 2363 generis
1111 2281 1247 2346 humaui
1266 2282 1376 2350 dicare

279 2387 312 2446 to
326 2399 392 2446 noo
407 2381 596 2446 dubitarim.
640 2379 741 2460 Vale,
757 2381 1016 2446 serumserum
1032 2380 1249 2446 Deeratne.

313 2608 373 2660 Lat.
382 2608 466 2659 Paris.
477 2608 567 2659 idibus
578 2609 725 2661 Februariis
738 2629 745 2661 ε

441 2717 618 2758 araceum.
