3216 4918
662 398 853 448 erasurus.
1230 384 1295 447 455

208 547 310 610 etiam
327 544 515 626 Principem
528 542 771 608 detrectabunt8
787 562 852 606 nou
868 561 889 606 a
914 560 952 605 se
967 543 1095 619 datum,
1104 559 1295 622 summaque

209 649 244 710 vi
255 646 515 720 Germanicum?
527 644 584 727 qui
596 653 665 708 tum
679 647 722 708 iis
734 648 884 726 praeerat,
896 642 938 707 ad
951 641 1185 726 capessendam
1196 641 1299 704 Rem·

210 750 377 832 publicam
401 747 626 830 perurgebant,
655 763 845 828 quanquam
867 743 1062 808 obfirmatc⁹
1087 743 1297 805 resistentem.

211 851 317 928 Quem
341 848 485 912 maxime
508 867 622 911 casum
648 849 794 922 timeus,q
818 855 931 928 partes
955 845 1032 921 sibi,
1052 863 1137 926 quas
1160 841 1298 906 Senatui

209 951 339 1024 liberet,
355 949 494 1012 tuendas
510 947 542 1010 in
559 947 749 1030 Republica
763 947 963 1028 depoposcit
973 952 993 1010 :¹
1016 944 1152 1027 quaudo
1168 943 1299 1010 univer·
1354 921 1357 928 ¹

210 1069 257 1114 sae
272 1049 420 1114 sufficere
430 1049 524 1112 solus
536 1056 561 1086 ¹⁰
575 1066 672 1110 nemo
685 1054 814 1129 posset,
829 1046 895 1110 nisi
918 1065 992 1110 curu
1007 1046 1122 1121 altero,
1132 1043 1185 1108 vei
1196 1045 1297 1106 etiarn

210 1171 286 1217 cum
305 1151 469 1232 pluribus¹
512 1149 727 1214 Simulavit¹¹
748 1157 784 1212 et
806 1148 1042 1222 valetudinem,
1057 1165 1125 1230 quo
1150 1145 1297 1226 aequiore

211 1255 321 1317 animo
346 1252 562 1318 Germanicus
584 1252 722 1314 celerem
746 1250 1001 1324 successionem,
1022 1248 1075 1312 vel
1090 1253 1178 1312 certe
1193 1249 1299 1310 socie·

211 1365 310 1420 tatem
335 1355 553 1438 principatus,
577 1354 788 1436 opperiretur.
832 1349 1040 1433 Compositis
1065 1348 1298 1423 seditionibus,
1392 1335 1400 1348 ⁸

210 1457 429 1522 Clementem·
442 1475 575 1538 quoque
591 1454 707 1518 fraude
722 1454 897 1534 deceptum
908 1452 1034 1533 redegit
1044 1451 1078 1514 in
1089 1453 1298 1533 potestatem.

209 1560 385 1634 Libonem,
403 1577 445 1619 ue
468 1555 546 1638 quid
566 1556 601 1617 in
616 1556 761 1618 novitate
780 1553 935 1616 acerbius
957 1553 1060 1628 fieret,
1081 1548 1228 1614 secundo
1244 1547 1299 1610 de-

211 1681 299 1725 mum
317 1679 403 1724 anno
418 1659 451 1722 iu
466 1656 592 1722 Senatu
608 1655 771 1736 coarguit,
788 1653 896 1717 medio
908 1653 1066 1736 temporis
1082 1653 1214 1734 spatio²
1229 1655 1299 1713 tan·

210 1772 280 1827 tum
304 1779 423 1826 cavere
446 1767 632 1824 contentus.
692 1756 782 1820 Nam
811 1763 844 1820 et
865 1756 951 1819 iuter
967 1752 1150 1819 Pontifices
1172 1751 1299 1816 sacriti-

242 1947 250 1980 Ι
268 1947 354 1996 Finxit
363 1946 436 1994 etiosa
445 1959 471 1994 ac
481 1944 677 1994 mistuds'ssrism
691 1945 748 2003 esse,
763 1947 790 1990 ut
803 1940 958 1989 Germanicus
968 1944 1103 2002 emerserat
1120 1937 1245 1999 lubentius,
1254 1943 1297 1986 uut

210 2028 235 2062 ss
246 2012 309 2060 breui
320 2015 601 2072 arcesseremusne
611 2012 735 2057 seatsrm
746 2005 771 2052 is
781 2009 871 2067 portem
884 2003 990 2066 imperii.

662 2148 845 2169 OOW

211 2225 496 2316 iiss·Edd.Bas.post.
523 2251 673 2304 Gemuusicia
683 2249 935 2300 Viud.2.Fouc.-8
951 2245 1061 2294 Detrect.
1076 2242 1152 2291 Hele.
1185 2239 1299 2290 Mosar-

210 2321 311 2382 necans
324 2321 363 2368 vei
382 2319 497 2380 urgebunt
509 2315 622 2366 Medicai
634 2330 693 2364 cum
708 2316 772 2377 Cup.
790 2312 905 2362 Hariem.
917 2311 994 2358 Fouc.
1016 2309 1099 2370 Supsa
1111 2304 1210 2355 arretior
1221 2304 1299 2354 tectio
1390 2359 1394 2364 ,

212 2387 237 2434 iu
249 2386 309 2435 Lisl.
320 2391 347 2434 et
359 2384 418 2447 an.
444 2380 526 2430 Germ.
532 2380 613 2442 fliium
624 2379 701 2429 Drusi
711 2379 752 2441 qui
762 2384 821 2434 turn,
838 2375 914 2426 fluis.
925 2387 1056 2436 summaque
1066 2371 1093 2420 ia
1105 2370 1237 2418 Germ-s
1249 2369 1297 2416 Ob·

204 2449 323 2514 firmituts
335 2449 412 2497 Four.
428 2445 543 2494 obstinate
559 2446 632 2494 Cost-
646 2450 674 2492 st
684 2457 764 2505 marg.
776 2441 853 2488 Viud.
864 2443 888 2488 2.
914 2438 999 2486 Etiam
1011 2437 1048 2484 iris
1060 2449 1107 2497 pro
1118 2435 1158 2494 iis,
1169 2432 1244 2482 solita
1256 2447 1299 2481 va-

211 2514 327 2571 siatione,
344 2514 370 2562 iu
386 2513 449 2562 Mas.
460 2517 487 2560 et
499 2509 565 2558 Edd.
577 2510 716 2558 vett—10
733 2506 827 2555 Maiiet
838 2504 911 2551 Torr.
926 2503 989 2550 sotus
1005 2500 1109 2560 abesse,
1119 2513 1149 2546 ac
1165 2497 1301 2545 deleverat
1371 2491 1375 2502 '

211 2578 281 2639 Lipa.
292 2571 334 2626 soi.
344 2575 400 2640 suff.
411 2590 456 2624 scs
467 2575 552 2622 Peria.
564 2587 579 2622 s
592 2587 624 2620 m,
635 2586 673 2635 pr.
681 2569 727 2620 sed
738 2585 803 2618 serso
813 2569 839 2617 iu
850 2569 977 2624 murm-l
997 2563 1154 2613 Assimtuvit
1171 2561 1232 2610 Liri.
1242 2560 1299 2622 Cuj.

211 2641 275 2688 Mos
284 2655 434 2690 suscessorem
444 2639 506 2686 daus
516 2638 590 2689 Junt.
603 2637 666 2696 Arg.
681 2634 738 2683 sid.
748 2633 848 2696 Grypb.
859 2631 948 2692 steph.
961 2629 1048 2678 Plaut.
1056 2628 1138 2676 Colin.
1155 2627 1300 2676 correxere

212 2705 282 2768 Lips.
291 2713 317 2753 et
327 2706 401 2754 Tota.
434 2703 516 2751 Paulo
525 2709 585 2750 aute
597 2702 633 2749 est
641 2702 725 2748 saitem
733 2697 810 2746 Vind.
823 2699 895 2745 1.-s
911 2695 978 2743 Med.
989 2698 1050 2742 tuat.
1061 2698 1131 2753 temp·
1140 2695 1202 2752 sput.
1213 2689 1300 2740 Paris.

213 2767 328 2818 Hariem.
339 2767 417 2818 vinu.
429 2777 540 2830 uterque
551 2775 578 2814 as
590 2762 657 2814 Edd.
668 2760 808 2813 Vettiano
819 2773 914 2810 omnes.
947 2757 999 2808 Sed
1010 2758 1043 2806 ab
1062 2755 1111 2806 Ed.
1122 2755 1212 2817 Camp.
1224 2752 1299 2802 abest

709 2908 818 2959 NOTAE

104 3027 113 3044 ·
211 3015 270 3065 Hoc
296 3027 372 3063 muso
399 3017 548 3061 constanter
573 3009 673 3056 iocatus
694 3012 736 3054 est
775 3001 939 3064 maliet,'&c.

212 3088 347 3138 Suetonius
359 3088 384 3135 iu
398 3085 501 3135 Othone
512 3099 571 3147 cup.
590 3087 615 3132 8.
633 3087 660 3130 et
671 3080 734 3130 Ves-
807 3085 816 3111 ¹
832 3073 986 3138 Dspopoacs't]
1002 3072 1088 3121 Innuit
1100 3068 1230 3117 historiam
1242 3065 1300 3114 Asi-

212 3165 317 3228 pasisuo
330 3177 386 3224 cap.
395 3167 420 3210 6.
775 3151 810 3201 nii
823 3152 901 3211 Galli,
911 3163 986 3213 quem
997 3145 1116 3194 Tiberius
1134 3149 1234 3190 secreto
1242 3142 1299 3203 jam

242 3237 444 3300 szrsuou'cum]
462 3237 546 3288 Quem
559 3231 675 3282 Tiberius
692 3229 736 3278 ad·
776 3226 836 3274 odio
854 3222 1074 3286 prosequebatur;
1100 3217 1211 3264 duxerat
1233 3217 1299 3264 enisu

211 3322 355 3380 optaverat,
373 3325 450 3375 supra
464 3325 521 3373 cap.
540 3313 580 3358 lo.
613 3306 691 3356 Hunc
708 3312 736 3352 et
777 3300 955 3366 Agrippinam,
975 3295 1008 3344 de
1028 3309 1077 3358 quia
1097 3305 1175 3354 supra
1198 3305 1255 3353 cap.
1276 3295 1300 3342 7.

212 3392 236 3441 si
249 3400 276 3442 et
287 3388 409 3455 precibus
426 3388 457 3437 ad
469 3383 604 3447 imperium
615 3380 735 3429 sciebant
776 3377 840 3426 Rem
859 3374 916 3423 fuse
933 3377 1020 3420 narrat
1039 3381 1140 3432 quoquc
1158 3366 1261 3414 Tacitus
1281 3378 1300 3414 r.

212 3468 331 3522 esebere,
352 3471 382 3515 ut
398 3463 466 3512 infra
485 3457 568 3519 Calig.
589 3469 646 3518 cap.
665 3457 690 3503 1.
708 3459 736 3502 et
775 3451 869 3500 Annal.

212 3545 383 3608 praeclarens
401 3539 457 3589 fuse
467 3535 570 3586 Tacitus
581 3531 627 3581 tib.
646 3543 665 3578 ι.
682 3529 734 3578 An·
807 3535 817 3560 ¹
835 3521 989 3584 Clementem]
1017 3521 1044 3570 Ia
1057 3518 1197 3582 Agrippam
1208 3527 1235 3564 ae
1246 3529 1301 3564 mu·

211 3621 262 3669 nal.
776 3603 924 3653 peredeum
936 3599 1012 3650 morti
1024 3603 1140 3657 ereptum
1159 3592 1300 3640 mentieba-

245 3703 257 3736 Ἰ
276 3695 351 3749 Quam
362 3689 463 3740 suasime
479 3700 558 3735 susam
570 3683 666 3746 timeas]
694 3680 736 3729 Ne
777 3685 833 3740 tur;
850 3665 1301 3739 et'percontanti'iiberioquomodo

214 3769 315 3820 tandem
326 3773 447 3815 exoratos
459 3759 627 3812 Germanicus
641 3755 736 3820 prioci-
779 3753 896 3819 Agrippa
918 3749 1003 3799 sactus
1025 3746 1111 3796 esset?
1139 3739 1301 3803 respondisse

214 3853 303 3908 patum
324 3842 463 3904 acciperet.
493 3835 597 3884 Tacitus
619 3832 734 3880 ibidem:
776 3828 867 3888 fertur,
878 3824 1012 3877 Quomodo
1024 3832 1060 3878 tu,
1073 3821 1166 3869 Cesar.
1193 3817 1230 3866 Ut
1241 3815 1300 3863 ede·

212 3920 316 3970 ‘Causa
327 3913 456 3981 praecipua
465 3907 630 3980 (cunctandi)
640 3921 672 3955 es
684 3904 736 3954 fos·
777 3913 816 3953 ret
829 3902 912 3952 socios
925 3900 1007 3961 subigi
1021 3913 1071 3946 non
1085 3896 1168 3959 potuit
1177 3891 1198 3954 ς’
1221 3905 1302 3957 quau-

213 3994 317 4050 midine,
329 4006 362 4042 na
374 3990 553 4049 Germanicus,
563 3985 589 4033 in
602 3982 672 4044 cujm
684 3994 737 4028 ma·
776 3981 850 4042 quam
862 3975 936 4024 rnuiti
954 3989 987 4024 ex
1005 3973 1061 4035 ipsa
1075 3969 1206 4031 Principis
1225 3967 1301 4016 doruo

212 4085 247 4120 nu
267 4077 309 4119 tot
325 4068 448 4130 legiones,
468 4067 590 4113 immensa
610 4057 737 4106 sociorum
778 4059 935 4103 sustentasse
953 4048 1023 4096 ilium
1041 4045 1133 4109 opibus
1151 4050 1178 4092 et
1189 4042 1301 4092 consitiis

212 4145 318 4207 auxilia,
334 4145 415 4192 ruirus
433 4139 502 4204 apud
518 4137 638 4202 populum
656 4131 739 4193 fauor,
777 4128 935 4177 dicerentur.
977 4120 1071 4171 Refert
1092 4133 1194 4185 quoque
1220 4116 1301 4167 fusius

213 4221 308 4272 babere
334 4219 469 4284 imperium
496 4226 572 4279 quam
599 4213 737 4273 expectare
777 4199 882 4253 Tacitus
893 4198 985 4248 Annei.
996 4210 1027 4247 ss.
