3216 4918
672 433 859 484 susurrus.
1242 417 1307 488 473

219 577 457 660 primipilaris⁸
478 597 544 641 nou
567 577 660 660 prins
684 593 729 640 ex
753 574 865 640 Foro¹¹
885 575 1042 655 misisset,
1057 595 1157 660 quem
1173 585 1307 644 extorto

219 675 378 760 ροιιιιιιίειἰ
400 679 539 760 pervim
555 678 741 742 haeredibus
764 679 808 742 ad
830 678 1063 758 gladiatorium
1085 697 1227 758 munua3
1250 699 1308 744 so·

218 779 343 842 hortem
366 780 408 844 ab
432 778 536 856 Urbe,
559 785 593 843 ei
613 779 714 843 aliam
737 799 758 844 n
780 775 938 843 Cottii*k
959 787 1074 860 regno}
1094 777 1308 845 dissimulata

219 877 346 943 itineris
368 899 481 957 causa,
509 880 653 944 detectis
675 885 806 962 repente
829 880 939 955 armis,
967 880 1306 962 ιιιιιιοίιιιιιιῐίὶιιιειιιιιις

220 979 334 1059 signis,
350 999 411 1062 per
425 980 574 1045 diuersas
589 987 707 1062 portas
722 981 753 1043 in
769 979 929 1062 oppidum
945 979 1100 1059 immisit3
1123 999 1163 1043 no
1179 988 1307 1062 partem

218 1080 378 1163 mojorem
394 1079 524 1163 plebei⁶
539 1100 579 1146 ns
595 1077 836 1146 Decurionum¹
852 1083 1063 1164 inperpetuo
1079 1081 1214 1144 vinnula
1228 1099 1307 1144 nou·

218 1401 307 1438 errore
315 1389 473 1450 gladiatorum
483 1390 580 1440 Medis.
591 1396 614 1440 1.
626 1389 704 1439 vind.
718 1390 789 1440 Cort.
801 1391 865 1454 Cup.
879 1389 954 1439 linis.
965 1401 1022 1439 suns
1037 1389 1087 1438 Ed.
1098 1388 1188 1451 Csmp.
1199 1387 1307 1450 aliisque

218 1454 363 1503 muisis—s
377 1454 443 1503 Cotti
455 1455 559 1504 Menum.
569 1457 640 1504 Dun.
652 1454 750 1504 Medic.
760 1456 827 1516 Cup.
839 1456 922 1504 Peris.
935 1454 993 1518 Cuj.
1005 1454 1079 1502 Voss.
1090 1452 1157 1501 Edd.
1171 1453 1243 1501 Rom.
1255 1467 1307 1501 seo·

217 1517 308 1580 Stepb.
320 1517 353 1566 al.
380 1519 447 1567 esest
457 1519 534 1567 vinu.
547 1523 571 1568 2.
584 1521 654 1568 Cori.
668 1519 784 1567 Heriem.
801 1517 868 1568 Edd.
880 1519 970 1579 Cnrup.
983 1515 1055 1566 Med.
1067 1517 1133 1564 Vsu.
1142 1520 1166 1565 1.
1185 1514 1267 1578 Lngd.
1279 1521 1308 1564 et

218 1581 312 1640 piures.
331 1582 387 1629 Cols'
397 1583 475 1631 vind.
484 1587 507 1630 1.
518 1582 566 1632 Ed.
576 1584 641 1632 Bon.
665 1583 717 1631 Alii
730 1583 804 1643 Cossi,
814 1583 859 1630 sed
872 1583 948 1630 crusii
955 1581 1051 1630 Veneti
1058 1581 1113 1641 jani
1125 1579 1307 1629 exbibuerunt.

216 1644 277 1693 Urs.
286 1643 389 1708 legend.
397 1645 490 1694 statuit
502 1647 576 1704 Colis
585 1647 660 1703 mnis,
672 1653 700 1694 nl
710 1647 789 1695 sisnrn
800 1653 841 1694 est
853 1646 962 1694 Cssnub.
974 1652 1001 1694 et
1010 1644 1145 1694 ntes-s
1160 1643 1306 1692 Cosseot'es·

217 1709 304 1770 tibusq.
314 1706 391 1756 Vind.
401 1713 423 1756 1.
438 1709 551 1757 Heriem.
562 1710 629 1758 Edd.
639 1710 703 1758 Ven.
716 1709 788 1759 Csid.
801 1708 871 1757 Med.
884 1723 940 1773 qun
953 1709 980 1756 in
991 1720 1069 1769 marg.
1082 1707 1128 1754 sit.
1139 1706 1200 1754 lest.
1211 1712 1306 1766 servet,

217 1772 282 1821 Bon.
293 1779 320 1820 et
333 1772 391 1821 Ais.
414 1773 602 1822 eosness'esls'bss
617 1774 708 1834 camp.
724 1774 916 1836 consistentibus.
927 1773 997 1822 Dun.
1030 1773 1082 1820 Pro
1093 1769 1155 1830 eigs.
1166 1769 1191 1817 Ιιι
1203 1770 1271 1818 Vsu.
1282 1773 1308 1818 8.

217 1840 241 1883 ³.
252 1837 411 1896 singulis-b
427 1836 469 1885 Its
479 1839 585 1886 Memor.
596 1839 666 1886 Duo.
678 1838 776 1886 Medis.
789 1841 814 1886 2.
826 1835 885 1900 Cuj.
895 1837 968 1885 Voss.
978 1834 1044 1884 Edd.
1053 1835 1142 1882 Burrn.
1153 1833 1222 1882 Oud.
1235 1843 1307 1896 seqq.

218 1899 249 1948 In
262 1901 366 1962 reliquis
376 1901 458 1962 plebis.
482 1903 544 1950 Mos
555 1901 697 1964 ambosque
708 1902 771 1962 Cup.
782 1901 868 1950 Peris.
881 1901 953 1951 Cort.
966 1899 1032 1949 Edd.
1045 1899 1120 1948 Rom.
1133 1895 1200 1959 qnod
1214 1898 1307 1958 probat

217 1963 277 2013 Ern.
310 1966 346 2012 El
365 1963 439 2014 deest
450 1967 527 2013 etism
542 1966 607 2028 (usp.
639 1966 705 2013 Dein
725 1967 773 2014 sios
791 1965 904 2014 restituit
924 1963 992 2014 Oud.
1013 1976 1070 2013 enm
1089 1963 1178 2014 Burni.
1194 1969 1223 2010 et
1241 1961 1308 2020 eliis,

216 2043 274 2094 qnae
285 2042 335 2078 sex
346 2028 455 2078 babetur
472 2030 498 2078 in
517 2031 588 2080 Dnn.
604 2029 668 2094 Cep.
685 2029 770 2078 Perit.
781 2029 878 2078 Medis.
890 2033 913 2078 1.
924 2033 948 2078 2.
960 2027 1040 2076 vind.
1048 2030 1073 2076 i.
1086 2027 1157 2074 Cori.
1167 2024 1234 2074 Edd·
1245 2031 1306 2074 ants

705 2171 813 2225 Nom

217 2285 268 2333 slis
279 2283 305 2333 in
317 2285 469 2337 Balearibus
481 2287 578 2347 insulis,
589 2287 743 2348 alisiusgro
780 2285 884 2348 Lipsius
903 2284 947 2332 lib.
967 2296 998 2332 ιι.
1016 2281 1049 2330 ds
1067 2280 1165 2330 Militis
1183 2280 1306 2337 Romans,

217 2361 325 2416 Piceno,
342 2362 421 2409 tertis
433 2361 459 2410 irs
472 2362 616 2425 regionibus
633 2361 742 2424 Alpinis.
777 2359 884 2430 Dialng.
902 2364 926 2409 8.
943 2359 979 2408 sin
999 2357 1121 2419 inteiligit
1140 2354 1208 2404 bunc
1225 2356 1306 2407 Juve-

218 2437 259 2485 De
285 2435 335 2486 bec
361 2437 520 2501 potissimum
548 2436 742 2500 intelligendum
777 2437 978 2486 nalisSat.xru.
999 2447 1110 2492 versum,
1129 2431 1307 2494 ‘Utineupie·

217 2525 275 2560 esse
292 2513 376 2560 iorum
401 2512 478 2575 huns,
495 2511 607 2576 probare
628 2513 742 2571 vitietur,
779 2521 831 2561 tem
843 2511 955 2574 aquilum
972 2508 1020 2558 sibi
1037 2509 1212 2571 sexagesimus
1224 2521 1306 2556 sunus

217 2585 284 2648 quod
307 2584 340 2634 de
361 2584 429 2636 Cotli
452 2600 531 2649 regno
553 2585 667 2650 subjicit,
686 2594 742 2636 esst
780 2585 896 2644 Affernt,'
914 2589 964 2636 bre.
996 2586 1039 2635 De
1060 2585 1100 2634 iris
1118 2583 1213 2634 videsis
1232 2585 1307 2648 plurs

217 2659 284 2708 enim
303 2661 327 2709 in
344 2660 374 2710 iis
391 2661 620 2726 regionibusque·
637 2662 742 2726 ejusid·
778 2663 845 2728 spud
867 2661 977 2712 enudans
1000 2659 1115 2721 Lipsinrn
1139 2659 1236 2708 ibidem
1258 2660 1306 2709 sub

216 2735 286 2784 sirco
302 2737 402 2786 nomine
414 2737 502 2786 Cutius
513 2736 595 2800 Alpes
611 2750 743 2801 uoneups·
778 2739 866 2800 finem,
883 2737 926 2788 ubi
945 2734 978 2786 de
997 2735 1183 2800 primipiiorum
1195 2745 1305 2782 commo·

218 2825 287 2875 sere,
310 2811 378 2874 quod
401 2825 455 2872 ess,
477 2811 742 2873 snstorebmmisno,
778 2814 818 2862 dis
835 2811 970 2862 etdiuitiis
990 2811 1078 2874 legere
1093 2815 1134 2859 est
1151 2822 1202 2859 uon
1214 2823 1305 2870 pausa.

216 2885 324 2936 molibus
346 2886 443 2951 magnis
463 2895 523 2950 post
542 2886 631 2936 Gslios
648 2888 742 2950 perdo·
778 2887 915 2950 Menipuli,
935 2901 967 2934 es
987 2885 1110 2949 Polybio,
1121 2885 1198 2948 juxte
1222 2883 1305 2947 Lipsii

216 2963 292 3011 mites
299 2962 449 3024 exstructis,
460 2960 662 3024 compendiarias
669 2967 697 3010 st
706 2961 742 3010 si·
777 2961 982 3012 emendationem
999 2960 1043 3009 lib.
1056 2973 1087 3008 ιι.
1104 2958 1204 3021 Dialog.
1216 2962 1240 3005 ³.
1256 2959 1306 3007 sin·

217 3037 501 3100 storibusnpportnnas
515 3036 680 3086 reddidisset.
711 3037 743 3086 In
779 3039 830 3102 guli
858 3045 912 3086 tres
938 3042 1027 3099 partes
1051 3034 1190 3097 habebant,
1217 3047 1305 3082 esrum

215 3124 247 3160 eo
259 3119 345 3162 tractu
357 3110 660 3176 suntquemuodiebtoss
670 3113 743 3162 Cossis
779 3125 937 3178 uusquequo
959 3111 1051 3175 prima,
1071 3109 1138 3174 pilus
1160 3106 1305 3170 dicebatur,

215 3187 257 3235 vel
277 3187 336 3236 Mos
356 3188 462 3237 Genebse
479 3189 646 3252 appellamus.
681 3188 742 3237 Pol·
778 3191 828 3237 dus.

215 3263 297 3312 lentis
310 3278 379 3324 sero,
389 3264 496 3313 Pnlssss
508 3265 547 3312 sei
557 3263 668 3318 Poiesso,
677 3263 743 3313 lsnis
809 3260 820 3294 ¹¹
838 3263 879 3310 Ex
888 3259 964 3322 Fors]
982 3258 1022 3308 Ad
1032 3271 1150 3322 pompam
1161 3256 1306 3320 funebrem,

216 3336 344 3402 quondam
368 3339 420 3388 suis
443 3339 551 3388 celebris
574 3336 632 3388 furit.
664 3338 742 3388 Silius
778 3337 811 3388 de
830 3351 882 3400 qus
899 3349 978 3398 suprs
997 3335 1023 3383 in
1044 3334 1255 3397 tortosanus.
1277 3344 1306 3384 et

216 3415 323 3466 Italicus
345 3416 471 3467 iib.r1u.
503 3415 647 3477 ‘Fuselqnu
667 3412 743 3463 ferax
778 3413 846 3474 Aug.
858 3426 917 3475 esp.
929 3415 984 3462 1⁰1.

216 3491 347 3542 Pollentis
368 3491 439 3540 vitii!
483 3491 559 3540 iisne
585 3491 742 3539 Ptolomeus
811 3487 939 3538 ¹Esiosla
956 3484 1067 3550 pessis]
1093 3487 1137 3535 De
1161 3486 1210 3534 bae
1233 3490 1306 3534 tants

215 3566 260 3616 lib.
270 3581 313 3616 ιιι.
323 3581 383 3630 esp.
397 3570 420 3617 1.
439 3567 576 3629 Liguribus
587 3565 715 3615 attribuit.
778 3565 985 3628 spectaculorum
1008 3562 1134 3611 ariditate
1151 3560 1206 3624 jam
1227 3571 1305 3624 snpra

247 3649 261 3686 Ι
277 3641 450 3706 Psimt'ps'lun's]
466 3641 524 3692 Hos
534 3649 582 3698 est,
591 3641 667 3706 primi
675 3643 743 3692 Ceu·
779 3641 892 3690 nonnihil
903 3641 929 3688 in
943 3639 1069 3700 Augusto.

216 3715 387 3783 larissiensi
404 3725 470 3768 ‘nou
485 3719 667 3783 solumaqnilsr
679 3733 743 3781 pree·
777 3747 783 3760 ·
810 3714 823 3749 ¹¹
841 3714 919 3764 Cottii
932 3712 1023 3777 [crib]
1040 3712 1151 3761 Ursinus
1167 3707 1305 3772 legendnm

216 3799 282 3854 erut,
298 3792 343 3842 ssd
361 3793 438 3844 etism
451 3803 560 3857 quatuor
575 3794 705 3844 eentnsins
716 3795 742 3842 in
778 3791 820 3841 iris
832 3790 936 3839 solebat
948 3788 1024 3848 cuis,
1034 3785 1081 3836 sed
1093 3786 1169 3847 mele,
1185 3793 1214 3832 nt
1232 3790 1306 3833 note·

216 3868 300 3929 prims
320 3868 375 3917 scie
397 3867 575 3933 gubernabat(
592 3877 622 3918 ut
638 3868 675 3919 sit
692 3869 743 3917 Ve·
780 3869 818 3916 sit
835 3865 1007 3916 casaubonus.
1050 3861 1157 3912 liuberti
1178 3860 1304 3922 Steplrsni

216 3943 301 4006 getius
311 3943 356 3994 lib.
370 3957 401 3993 ιι.
412 3959 471 4008 usp.
481 3948 506 3992 8.
540 3944 742 3993 cumensemin
779 3943 992 3994 editionnacusn
1011 3936 1143 3987 veteribus
1159 3936 1305 3984 basescot-

217 4019 339 4082 primipili
352 4020 434 4070 luteis
444 4018 514 4070 foret
529 4019 613 4083 aquile
628 4019 743 4080 legionis,
779 4019 820 4078 tii,
831 4016 900 4065 unde
914 4015 1002 4064 coitio
1012 4011 1087 4075 Alpes
1103 4009 1239 4074 legendnm
1251 4011 1304 4061 esi'·

216 4095 275 4143 iude
295 4097 416 4161 mensuit,
434 4103 464 4146 ut
486 4097 595 4160 equilum
617 4108 664 4158 pro
686 4093 742 4156 ipso
780 4095 855 4156 liges.

215 4171 381 4234 Principstus
390 4186 497 4222 munere
508 4178 617 4221 sumtsns
628 4171 742 4234 reperias
812 4163 1005 4226 1Βιιιιιίοιιιιιιι]
1021 4162 1131 4214 Quinam
1148 4161 1173 4210 bi
1192 4162 1218 4211 in
1236 4163 1303 4212 eolo·

217 4245 284 4311 apud
306 4249 415 4300 Plinium
436 4249 480 4300 lib.
502 4261 560 4300 stu.
581 4250 673 4311 esp-1.
707 4247 743 4296 Et
779 4235 1273 4304 niisesseut,suprninAugustoniti.
