3228 4926
652 437 848 487 ocurvrus.
1232 425 1295 491 277

206 587 328 666 praeter
342 579 577 644 vacuationemv
598 561 921 646 ediditt¹⁰atbieius
944 581 1090 668 quoqne,
1113 585 1296 648 exstructis

206 682 241 760 in
256 699 376 762 cumpo
392 679 519 745 Martio
534 679 717 744 sedilibus¹
742 683 882 765 ligneis:
905 684 984 747 item
998 683 1119 748 navaie
1134 685 1295 767 praeiium,

207 782 298 846 circa
319 781 468 845 Tiberim
493 788 614 846 caueto
638 783 724 860 solo,
748 783 784 847 in
807 803 873 867 quo
896 804 983 849 nunc
998 785 1166 852 Caesarum
1182 805 1297 852 nemus

207 888 293 946 est*
336 879 470 958 Quibus
484 881 605 946 diebus
620 883 772 947 custodes
787 883 822 946 in
838 883 929 948 Urbe
949 885 1128 969 disposuit,
1150 907 1191 951 ne
1214 888 1298 951 ruri·

207 989 275 1046 tute
298 983 531 1048 remanentium
552 985 796 1065 grassatoribus
820 985 968 1050 obnoxia
988 993 1090 1052 esset.
1135 987 1176 1051 In
1197 985 1297 1052 Circo

206 1084 339 1165 aurigas
348 1103 567 1167 cursoresque
575 1091 608 1149 et
614 1087 822 1151 coniectores
831 1086 983 1164 serarum,
991 1093 1044 1152 et¹
1059 1107 1297 1170 nonnunquam

173 1253 178 1264 ¹
207 1203 250 1248 ex
265 1185 473 1250 nobilissima
482 1183 672 1267 juventute,
687 1187 854 1270 produxit.
889 1187 958 1251 Sed
974 1193 1008 1252 et
1021 1187 1152 1271 Trojse¹
1166 1189 1295 1254 lusum³

208 1285 312 1350 edidit
324 1285 604 1369 frequentissime,
626 1287 786 1371 majorum
809 1289 1035 1352 minorumva4
1055 1308 1231 1372 puerorum
1247 1290 1298 1354 di·

207 1387 337 1467 lectn;⁵
357 1388 462 1470 prisci
489 1386 665 1471 decorique
692 1389 795 1452 moris
820 1387 1031 1466 existimans,
1057 1388 1156 1455 cinric
1182 1391 1296 1472 stirpis

207 1487 351 1552 indolem
367 1488 417 1552 sic
431 1487 625 1554 notescere⁶
658 1487 698 1552 In
713 1489 776 1554 boc
789 1490 942 1555 ludicro⁷
958 1487 997 1554 C.
1014 1489 1161 1556 Nonium
1173 1489 1299 1573 Aspre·

208 1596 334 1666 nutem,
347 1590 449 1673 lapsu
465 1590 683 1668 debilitatum,
698 1591 822 1654 aureo⁸
847 1593 966 1674 torque
981 1591 1138 1671 donavit3
1156 1611 1297 1674 passus·

210 1708 276 1772 que
286 1696 335 1754 est
349 1691 478 1772 ipsum⁹
493 1700 714 1773 posterosque
728 1691 890 1774 Torquati
901 1691 984 1755 serre
995 1709 1186 1774 cognomen.
1210 1691 1297 1758 Mox

208 1973 268 2016 anie
280 1967 347 2015 mode
357 1965 431 2015 abeat
441 1965 589 2016 Perta-ru
607 1966 682 2017 Dedit
694 1967 780 2019 Perit.
794 1967 909 2020 Heriem.
922 1968 993 2018 Cori.
1004 1972 1031 2016 et
1043 1965 1145 2030 quidum
1157 1965 1232 2016 codd.
1245 1965 1298 2015 iic·

208 2031 252 2092 pii,
263 2043 320 2080 curn
331 2029 397 2078 Edd.
408 2030 497 2094 Cump.
508 2030 578 2079 Med.
589 2031 661 2082 Caid.
671 2033 735 2081 Veu.
746 2040 777 2081 tr.
785 2033 853 2082 Bon.
864 2033 945 2094 bugd.
953 2034 1013 2081 Bur.
1022 2038 1087 2093 post.
1097 2039 1123 2080 et
1133 2029 1225 2094 probat
1234 2031 1298 2081 Ern.

207 2097 271 2144 'i'urn
282 2109 369 2157 qucum
381 2094 480 2144 excidit
489 2109 521 2143 ex
532 2093 598 2143 Edd.
608 2096 673 2144 ven.
684 2095 749 2144 Bou.
758 2095 831 2146 Med.
842 2103 869 2145 et
880 2095 914 2145 0.
924 2096 956 2145 ud
967 2095 1055 2144 Grec.
1066 2102 1094 2143 et
1104 2094 1195 2144 Pitirc.
1206 2101 1233 2143 et
1243 2108 1299 2142 rur-

208 2174 251 2208 aur
261 2173 293 2208 ex
306 2157 393 2208 (trev.
403 2173 454 2208 uec.
485 2158 517 2206 lo
527 2159 605 2208 Poiit.
616 2160 689 2208 Cort.
701 2159 768 2210 Edd.
777 2161 851 2211 Rom.
861 2160 1014 2222 uiiieturpue.
1024 2157 1101 2208 Vind.
1114 2163 1135 2207 i.
1145 2158 1238 2207 addidit
1248 2157 1299 2208 uti.

208 2223 529 2286 quocienscunque
563 2223 647 2272 Punic
658 2238 737 2286 supra
747 2224 834 2273 maliet
845 2222 923 2273 Wcii'.
936 2221 1100 2273 scribendum
1113 2224 1153 2270 red
1165 2221 1296 2284 diomede

208 2291 254 2335 —i
273 2286 374 2336 Seritur
385 2287 499 2349 Cup—2
508 2287 579 2336 'i'orr.
591 2287 692 2337 cenauit
704 2287 871 2352 rejiciendum
882 2293 906 2336 et
915 2295 975 2336 unte
985 2301 1102 2350 murano.
1118 2286 1181 2336 Mox
1191 2286 1299 2347 mucii

208 2350 286 2400 Vind.
298 2354 368 2400 1.-⁸
383 2349 424 2399 iic
435 2349 540 2399 Memm.
554 2351 626 2400 iiuie.
636 2351 734 2402 Medic.
747 2360 780 2401 tr·
790 2352 867 2402 Voce.
876 2359 904 2400 et
913 2351 961 2400 Ed.
974 2350 1006 2398 R.
1014 2351 1103 2426 Stepb.
1120 2350 1299 2411 Vuigoiudunt.

208 2419 256 2464 -i
272 2415 343 2464 Torr.
354 2414 650 2476 mniuitsrequautissirno,
660 2423 687 2464 et
705 2414 764 2465 dein
775 2430 808 2464 ex
820 2429 864 2464 ruo
875 2413 935 2465 cod.
947 2415 1011 2478 iegit
1022 2429 1077 2474 rou.
1089 2414 1257 2475 nummum,
1268 2423 1297 2462 et

210 2481 247 2527 ric
258 2478 363 2528 edidere
374 2479 461 2528 Bnrrn.
470 2477 538 2526 Oud.
549 2486 575 2528 et
587 2477 664 2526 Woii.
677 2479 860 2529 accedentibus
870 2477 967 2528 Medic.
980 2485 1013 2528 tr.
1023 2477 1082 2527 i’in.
1095 2477 1172 2527 vind.
1183 2481 1208 2526 2.
1220 2477 1298 2530 Foco,

210 2542 277 2593 Edd.
290 2543 363 2594 Juut.
377 2542 437 2592 Aio.
454 2543 545 2606 Stepir.
558 2557 695 2604 magnorum
707 2544 781 2594 Cort.
794 2546 863 2593 Durr.
880 2541 996 2593 Heriem.
1011 2542 1076 2605 Cup.
1090 2540 1177 2591 Perit.
1187 2547 1214 2590 et
1224 2541 1299 2591 Veii.

210 2606 276 2654 Edd.
289 2608 430 2668 piorem-d
448 2605 491 2655 ΑΙ.
499 2607 597 2655 deiectu.
609 2607 673 2671 Cup.
684 2609 782 2658 deiecto.
815 2607 890 2656 Hunc
902 2607 990 2656 iucem
1003 2606 1142 2654 omirerunt
1153 2604 1229 2654 iiuie.
1240 2605 1299 2654 Pin.

210 2669 269 2733 cuj.
280 2669 448 2718 Heriem-d
467 2671 563 2720 Probat
574 2671 648 2720 Tura.
660 2685 675 2720 e
687 2671 764 2722 duob.
774 2670 850 2720 codd.
860 2671 995 2720 enitercere.
1014 2670 1091 2718 Voce.
1102 2669 1182 2718 irubet
1191 2668 1226 2716 cic
1236 2669 1299 2718 enin

210 2741 297 2783 norm.
308 2732 387 2782 Vind.
398 2737 422 2782 l.
438 2733 473 2782 cic
483 2735 635 2796 ignoteucere.
648 2735 737 2785 Burni.
748 2736 841 2784 enodet
850 2740 979 2784 eudemo
989 2735 1031 2783 rei
1042 2735 1192 2782 manauere.
1224 2731 1299 2781 inru-

210 2812 258 2860 per
269 2798 342 2848 mar-ie
352 2805 472 2846 erraretur
483 2799 508 2847 in
519 2799 633 2848 bun-t
645 2799 741 2849 dedicio
752 2799 869 2850 Heriem.
879 2799 967 2848 lubrico
977 2797 1042 2848 Edd.
1054 2799 1128 2848 Rom.
1137 2797 1191 2846 buo
1201 2795 1299 2846 Medic.

210 2865 233 2910 3,
247 2861 325 2911 Poiit.
338 2863 363 2910 iu
377 2861 467 2924 utribus
486 2863 635 2912 Cremnisco.
668 2863 752 2913 Deest
769 2877 916 2927 prunonreu
931 2879 947 2911 ι
963 2862 1062 2912 Medic.
1075 2861 1179 2921 ceteris,
1190 2867 1299 2923 utroque

210 2925 287 2974 vind.
296 2925 362 2989 Cop.
375 2927 449 2974 Voss.
460 2927 528 2977 Dun.
536 2925 675 2990 Forrc.(qui
688 2935 714 2975 et
728 2927 842 2988 Nouium)
854 2935 881 2976 et
892 2925 1020 2991 aliquibus
1029 2924 1171 2982 Torrentii,
1182 2926 1225 2973 ucd
1235 2939 1299 2973 nnuc

210 2990 261 3040 Me.
278 2990 322 3040 dat
338 2990 395 3040 Sex·
412 3003 457 3052 pro
475 2990 599 3038 c.-e1n
624 2991 687 3040 Ere.
705 2991 782 3042 Voce.
800 2991 939 3041 exhibetur
959 2994 1089 3042 uuna-i)
1107 2991 1207 3038 Deerat
1224 2989 1301 3050 iprum

211 3052 316 3104 Menum.
343 3053 604 3118 concremendam
621 3054 719 3104 addunt
738 3055 854 3105 iiuriem.
872 3055 957 3107 Perit.
974 3053 1041 3104 Ven.
1059 3061 1091 3104 tr.
1109 3053 1175 3102 Bon.
1189 3051 1300 3100 biedet

700 3199 806 3250 Nom

211 3294 300 3352 tio‚uic
312 3293 395 3344 dictur
407 3293 475 3358 quod
486 3308 503 3343 ι
513 3294 735 3344 serviciiornuuo·
775 3292 930 3357 spectacuiir
947 3291 1086 3342 beatirrum
1105 3293 1178 3340 ⁸60⁰.
1195 3288 1244 3339 etsi
1266 3304 1299 3341 ex

209 3387 268 3421 rum
286 3386 347 3434 rege
359 3386 405 3420 sex
417 3371 539 3421 tabulatio
550 3371 665 3420 ineiueue
679 3371 735 3420 fue·
776 3369 882 3418 Aureiio
891 3361 997 3417 Vic'tnre
1006 3378 1056 3414 non
1066 3371 1180 3414 constat.

210 3454 261 3510 rut,
276 3445 344 3494 intra
357 3459 411 3508 pue
424 3445 533 3508 populus
550 3442 634 3494 i'erret
645 3443 734 3494 cuii'ru·
807 3452 823 3478 '
841 3445 912 3493 Nune
923 3439 1187 3505 Commeat]
1200 3441 1301 3492 Tisaeo

211 3523 261 3584 giu.
296 3520 441 3571 Porticibuu
449 3520 516 3569 bunc
524 3517 638 3582 Lepidus
649 3519 681 3570 ad
691 3520 736 3569 bu·
775 3533 825 3570 non
842 3517 875 3568 ad
893 3517 1010 3568 Suetonii
1021 3516 1186 3580 tuntum,red
1201 3517 1234 3567 cd
1247 3513 1300 3568 Au·

213 3597 296 3646 bande
316 3595 422 3645 comiti·
440 3595 653 3651 circumdederat,
671 3595 736 3658 iupi-
776 3596 843 3660 gusti
869 3595 950 3658 ipsius
977 3601 1094 3657 tempore
1119 3591 1301 3643 referendum:

212 3673 268 3720 deis
286 3672 379 3723 tabuiis
403 3678 431 3721 et
451 3670 558 3734 picturis
575 3677 736 3721 exornatum.
776 3672 832 3720 iraec
846 3669 913 3720 enirn
931 3669 988 3733 ipsa
1005 3668 1085 3718 verba
1103 3669 1221 3718 desumto
1242 3676 1302 3716 runt

212 3749 300 3797 oriiia
311 3761 411 3813 quoque
427 3755 534 3810 propter
545 3745 736 3795 similitudinem
777 3757 810 3793 ex
821 3745 908 3808 iapida
919 3743 1066 3807 Ancyrae,
1077 3749 1104 3792 ei
1116 3757 1141 3793 c.
1159 3747 1215 3792 itii.
1229 3741 1298 3791 inire

211 3823 356 3887 uppeiiatue
376 3831 441 3872 eet:
470 3821 590 3872 iuvenci.
621 3821 676 3869 Set·
697 3833 736 3869 vr.
778 3820 955 3883 putecuyirus
970 3819 995 3867 in
1012 3833 1082 3867 usum
1097 3818 1184 3881 popuii
1193 3817 1301 3866 circum-

211 3897 341 3960 ‘Antiquo
350 3913 407 3961 que
416 3898 532 3960 proximu
542 3902 631 3958 rurgct
640 3895 730 3946 oriri:
770 3895 856 3957 jectan
869 3893 1002 3944 Mausoleo
1012 3906 1068 3954 uuo,
1080 3893 1146 3957 quod
1158 3892 1222 3940 inibi
1241 3905 1300 3940 con·

243 3981 254 4007 v
277 3971 440 4034 Venetiam]
451 3973 493 4022 De
504 3985 537 4020 eu
547 3969 608 4033 qnid
621 3977 700 4031 aret,
710 3969 736 4020 in
777 3971 881 4028 struxit,
896 3975 925 4018 et
941 3969 1047 4017 'i'ucituc
1064 3965 1196 4016 coufirmat
1208 3964 1301 4017 Annei.

211 4051 228 4101 J
232 4051 266 4101 ui.
277 4057 334 4113 cup.
346 4053 387 4098 itt.
406 4048 482 4110 bujur
496 4045 686 4110 cupidissimum
698 4046 739 4095 iu·
779 4057 832 4094 xri.
865 4041 1077 4092 montinneio
1090 4039 1301 4105 riquoeductiirur,

211 4129 261 4176 inse
281 4124 435 4187 Augurium,
452 4129 506 4172 tum
518 4135 551 4170 ex
569 4135 646 4184 urrpra
663 4119 739 4170 dicti·
778 4120 811 4169 de
823 4131 888 4181 aque
900 4117 1017 4166 Airetiun
1028 4118 1143 4182 inquens.

212 4201 330 4264 coiiiger,
340 4208 393 4250 tuor
407 4213 440 4248 ex
453 4196 540 4260 iapide
551 4197 701 4261 Ancyram,
711 4195 738 4246 in
808 4201 821 4228 ¹
840 4191 929 4255 Ma]
941 4193 984 4243 lie
994 4191 1033 4241 bie
1045 4192 1071 4241 in
1082 4191 1135 4243 Jui.
1146 4205 1203 4257 cap.
1213 4194 1254 4242 as.

213 4289 263 4340 quo
286 4273 549 4338 confectricssnutur
568 4273 596 4322 in
615 4270 737 4337 ejusmodi
