3208 4918
319 387 385 482 372
742 430 773 476 c.
797 427 978 476 suurorrrr

319 582 493 656 utramque
507 590 577 635 rem
593 591 659 635 uon
675 590 696 635 a
710 590 746 634 se
761 571 870 656 primo
886 566 1162 646 animadversam,
1185 567 1244 630 sed
1259 567 1409 649 antiquis

314 675 384 758 jam
400 681 479 754 tuuc
505 691 593 736 curae
608 671 724 736 fuisse.
767 671 905 752 Ingenia
925 669 1040 735 saeculi
1063 668 1116 732 sui
1131 668 1283 733 omnibus
1298 666 1408 733 modia

318 774 413 839 fovit
456 771 654 837 Recitautes
680 779 715 836 et
738 771 877 853 benigue
900 776 932 834 et
961 771 1128 853 patienter
1154 768 1314 832 audivitz⁵
1342 786 1408 832 ‘neo

319 879 445 939 tautum
461 875 606 938 carmina
616 878 650 936 et
663 871 831 949 historias,
846 871 906 936 sed
929 877 964 934 et
986 870 1173 934 orationes?
1196 875 1230 933 et
1244 868 1409 950 dialogos.

320 973 483 1057 Compoui
497 980 606 1038 tamen
620 972 746 1057 aliquid
759 972 799 1036 de
815 991 863 1047 se,
875 971 942 1034 uisi
956 979 990 1034 et
1002 971 1102 1048 serio,
1118 977 1154 1034 et
1166 989 1188 1033 a
1196 971 1409 1053 praestantis·

297 1145 304 1160 ⁰
319 1076 440 1151 simis,q
456 1073 684 1139 offendebatur
697 1093 707 1154 ;
728 1072 991 1155 admonebatque
1004 1070 1186 1148 Praetores,
1201 1090 1242 1133 ne
1256 1075 1410 1153 pateren-

318 1180 372 1240 tur
385 1194 506 1240 nomen
521 1195 618 1239 sunm
630 1174 945 1238 commissionibusr
960 1171 1168 1236 obsolefieri*
1211 1171 1293 1256 [oo]
1308 1171 1408 1235 Circa

318 1459 366 1502 -5
384 1452 471 1501 Audiit
483 1450 621 1500 restituere
633 1448 702 1500 Oud.
714 1448 794 1501 wolf.
805 1440 863 1500 cu'rn
874 1449 965 1512 Stepb.
977 1456 1005 1499 ct
1020 1449 1110 1499 Bnrm.
1121 1446 1299 1512 suffragantib.
1310 1448 1408 1500 Medic.

319 1513 692 1566 l.2.Fonc.Voss.Cs.o·ti³.
723 1515 789 1564 Tum
808 1514 936 1563 orationem
951 1512 1024 1563 Cort.
1058 1513 1142 1563 Paulo
1160 1521 1220 1563 ante
1236 1513 1335 1563 lsistoriu
1348 1513 1407 1577 cuj.

811 1659 917 1710 NOTAE

318 1755 370 1808 imo
385 1755 474 1802 consui
492 1752 542 1803 fuit
560 1767 618 1804 aun.
638 1755 671 1804 U.
692 1755 724 1805 C·
740 1757 796 1805 dib.
817 1763 845 1804 et
883 1753 1037 1804 emendandi
1056 1754 1134 1804 etiarn
1146 1768 1202 1819 qna
1220 1754 1408 1817 componeban-

317 1829 426 1878 eundem
449 1829 580 1879 existimat
607 1843 663 1879 ease
685 1830 844 1886 Torrentius,
883 1838 925 1878 tur
954 1830 1039 1894 gratia
1065 1827 1228 1879 obuersatum
1250 1837 1352 1879 consui
1373 1843 1407 1878 ea

317 1905 391 1967 cnjus
413 1906 490 1954 toties
509 1904 650 1956 honorifice
666 1907 782 1956 meminit
801 1906 843 1955 ct·
882 1903 961 1953 Plinii
973 1905 1050 1967 epist
1061 1908 1100 1953 11.
1112 1904 1157 1953 lib.
1169 1917 1218 1953 νη.
1227 1904 1270 1954 ubi
1279 1905 1407 1968 aliquibus

317 1980 843 2044 cerolib.r.de0ratore,utphilosophias
881 1993 931 2028 uon
950 1978 1118 2042 probantibus
1142 1978 1209 2042 quod
1229 1986 1257 2027 et
1278 1980 1407 2028 orationes

316 2055 409 2120 dediti,
420 2065 447 2108 et
458 2073 509 2122 quo
520 2059 632 2107 sanctior
643 2066 671 2107 et
682 2058 806 2120 integrior
816 2059 844 2108 in
882 2055 1015 2116 recitaret,
1035 2061 1125 2118 utpote
1152 2067 1209 2117 qua
1234 2053 1407 2103 declamanda

316 2131 424 2182 civitate
443 2133 525 2181 nulius
538 2139 616 2181 esset.
649 2133 700 2184 Qut
713 2139 798 2182 tamen
809 2131 844 2182 de
882 2131 967 2194 potius
978 2141 1074 2188 esseut,
1084 2131 1129 2185 ait,
1148 2129 1211 2179 ‘sua
1222 2131 1315 2194 cuique
1327 2131 1408 2192 ratin;

316 2205 487 2257 architectura
498 2207 578 2256 libros
589 2222 641 2257 nou
659 2209 799 2272 scripserit,
815 2215 844 2258 ut
882 2206 1017 2268 recitandi,
1027 2207 1099 2268 mibi,
1109 2205 1176 2270 quod
1193 2220 1265 2270 saepe
1278 2209 1332 2270 jam
1344 2206 1408 2268 disi,

317 2283 373 2331 vult
384 2283 536 2345 Beroaldus,
546 2284 591 2334 sed
603 2285 730 2334 orationes
748 2285 843 2335 babue·
883 2289 922 2342 ul,
932 2281 954 2329 tl
965 2279 1025 2344 quid
1040 2295 1081 2330 ωε
1098 2279 1177 2344 fugit,
1196 2288 1226 2329 ¹¹²
1242 2289 1314 2330 ⁰0¹st
1333 2281 1411 2345 siglis

317 2357 360 2417 rit,
371 2365 437 2407 utet
451 2359 496 2407 alii
516 2372 624 2424 quoque,
645 2360 671 2408 iu
686 2361 784 2410 Senatu
802 2361 844 2410 rel
881 2356 1029 2406 admonear.
1064 2355 1123 2407 Quo
1140 2355 1219 2417 magis
1236 2356 1322 2418 miror,
1338 2357 1407 2420 quod

317 2430 349 2478 ad
361 2421 483 2494 populum
495 2432 528 2481 de
540 2433 615 2482 modo
627 2432 745 2483 edificiis
763 2434 843 2498 impo-
881 2431 979 2487 scribis,
990 2429 1069 2480 fuisse
1082 2430 1205 2496 quosdam
1216 2431 1258 2495 qui
1270 2433 1407 2494 repreben-

315 2508 411 2568 neudo‚
419 2507 451 2556 ad
460 2509 625 2558 inhibendum
635 2509 732 2572 luxum,
741 2517 767 2559 et
775 2523 842 2559 amo·
881 2505 974 2556 dereut
985 2507 1052 2570 quod
1066 2506 1194 2555 orationes
1203 2506 1304 2554 omuino
1315 2505 1408 2556 recita·

321 2581 405 2631 reuda
416 2582 543 2633 incendia.
881 2595 944 2642 rem,
962 2581 1011 2629 nisi
1028 2594 1089 2630 vero
1106 2581 1151 2628 bas
1168 2580 1234 2628 solas
1245 2593 1296 2628 uon
1315 2587 1408 2642 putant

348 2658 624 2722 ⁰Modooedistcioruss]
648 2660 743 2708 Strabo
754 2659 799 2708 lib.
816 2673 843 2711 v,
881 2655 1071 2704 emendandas.¹
1105 2652 1216 2704 Etiuira
1227 2657 1235 2683 ‘
1245 2655 1408 2716 pluribusre.

317 2732 382 2781 dicit
397 2733 567 2782 constitutum
583 2733 615 2781 ab
627 2732 842 2796 Augustosuisse,
881 2731 947 2779 cito:
966 2744 1006 2792 ac,
1026 2729 1047 2778 si
1067 2728 1129 2793 qnid
1146 2729 1206 2778 mibi
1226 2729 1322 2792 credis,
1343 2738 1406 2780 tunc

316 2817 350 2851 uc
361 2805 417 2868 quis
430 2807 498 2854 edes
514 2806 592 2855 altius
606 2821 681 2870 quam
694 2807 842 2871 septuagiu·
880 2803 1002 2853 acerrime
1014 2803 1141 2852 emendo.'
1158 2805 1218 2857 Qua
1228 2803 1340 2868 epistola
1350 2805 1407 2869 plu·

319 2885 344 2926 ta
356 2880 436 2943 pedes
447 2881 559 2930 tolieret.
586 2882 669 2933 Quam
682 2880 843 2932 altitudinem
880 2895 910 2928 ra
920 2893 996 2945 super
1007 2881 1054 2931 bac
1067 2881 1261 2931 consuetudine.

317 2953 397 3003 adbit.
405 2955 485 3018 pedes
494 2956 624 3005 reductam
633 2971 647 3004 a
655 2957 776 3019 Trojano,
784 2970 843 3006 auc·
912 2955 954 3004 *A
961 2956 1177 3021 prudentissimis]
1190 2957 1247 3006 Hoc
1256 2971 1357 3021 qnoque
1368 2957 1405 3008 in·

317 3036 359 3078 tor
369 3037 410 3079 est
422 3030 540 3080 Aurelius
550 3032 649 3080 Victor.
683 3030 762 3080 Certe
774 3045 843 3080 max·
881 3029 1065 3079 nuitHoratius
1074 3030 1231 3093 Epistotaad
1243 3031 1404 3094 Augustnmr

316 3103 393 3154 imam
401 3105 566 3154 edificiorum
575 3106 747 3154 Rornanorum
756 3106 843 3156 altitu·
882 3108 890 3134 ‘
897 3106 946 3154 Sed
957 3120 1041 3169 nequa
1051 3120 1159 3168 parsum
1166 3109 1274 3158 Carmen
1283 3109 1405 3171 majestas

316 3179 402 3231 dinem
415 3190 467 3230 turn
483 3196 517 3231 ex
535 3181 573 3230 iris
584 3182 645 3231 locis
661 3182 776 3246 colligas,
789 3192 843 3232 tum
881 3181 974 3244 recipit
987 3190 1095 3243 tuauec
1107 3196 1176 3232 ursus
1186 3183 1264 3232 sudet
1274 3184 1339 3232 Rern
1349 3191 1405 3233 ten·

316 3259 482 3306 exoratione
504 3256 624 3307 Aristidis
643 3257 781 3319 Sophiste,
798 3273 843 3308 cu·
882 3264 937 3306 tare
960 3258 1051 3320 pudor,
1069 3273 1145 3324 quarn
1163 3259 1228 3308 sires
1247 3258 1316 3308 ferre
1334 3273 1405 3309 recu-

313 3329 358 3392 J’ua
368 3331 424 3379 bac
434 3337 494 3379 suut
505 3332 593 3388 verba,
602 3331 727 3396 qustiaex
738 3332 843 3381 Canteri
881 3331 956 3380 uena'

316 3406 435 3454 versione
456 3406 546 3454 retulit
565 3405 747 3456 Cssaubouua:
774 3408 842 3457 ‘uon
911 3417 920 3443 ¹
939 3411 1156 3474 Commissiussiius]
1168 3410 1406 3464 Qutdstrcomnu-

318 3487 404 3529 tamen
426 3481 537 3545 quiescit
559 3482 641 3530 donec
662 3486 773 3545 equales
794 3484 843 3535 sibi
881 3491 937 3534 tara
959 3499 1038 3546 supra
1059 3491 1134 3535 cdd.
1155 3486 1206 3534 liic
1226 3487 1408 3550 intelliguntur

317 3567 396 3617 super
413 3557 545 3618 impositas
559 3557 634 3605 urbes
645 3557 753 3607 alteram
765 3573 843 3620 super
880 3558 1006 3607 duntaxat
1017 3561 1057 3607 vel
1070 3568 1199 3618 oratorum
1212 3561 1280 3610 inter
1296 3575 1323 3610 se
1336 3576 1406 3614 coru·

316 3631 424 3678 alteram
437 3629 513 3678 ierat.
534 3629 670 3690 Quocirca,
686 3633 707 3680 si
719 3633 842 3696 quiscum
879 3633 1021 3693 missiones,
1040 3640 1066 3681 ct
1083 3634 1154 3697 quasi
1171 3647 1265 3696 pugna
1275 3636 1302 3684 iu
1319 3636 1406 3686 litera·

317 3702 450 3766 (Romam)
470 3703 609 3767 diligenter
625 3704 703 3754 vellet
714 3706 843 3769 evolvere,
880 3723 934 3758 rum
946 3709 1078 3765 exercitio.
1095 3711 1183 3774 quales
1196 3711 1281 3761 ciebat
1297 3713 1405 3762 Verrius

316 3787 344 3827 et
357 3793 413 3842 qurc
433 3793 500 3828 nuuc
520 3779 546 3828 iu
565 3780 667 3828 sublimi
685 3787 745 3828 suut
755 3779 842 3843 urbes,
880 3784 934 3847 ille,
945 3782 978 3831 de
988 3796 1039 3847 quo
1049 3785 1126 3847 paulo
1139 3799 1224 3848 supra,
1236 3795 1263 3837 et
1274 3787 1356 3837 adbuc
1367 3789 1404 3836 in·

316 3851 386 3901 lruuri
400 3854 479 3916 juxta
489 3868 517 3902 se
528 3854 636 3904 inuicem
649 3854 787 3917 deponere,
798 3869 842 3904 ex·
881 3858 920 3909 fra
930 3859 974 3908 lib.
986 3859 1206 3911 chraurmaticis
1218 3877 1241 3912 c.
1250 3867 1289 3912 1⁷.
1310 3861 1403 3912 ‘Nam-

315 3928 457 3983 intimarem
468 3927 531 3988 t‘ore,
549 3936 578 3978 ut
589 3929 670 3979 omnis
683 3929 766 3978 ltaliae
784 3933 842 3982 reli·
882 3948 940 3998 quc,
950 3933 983 3984 ad
993 3935 1162 3985 exercitanda
1171 3937 1324 3987 discentium
1334 3939 1405 4000 inge-

316 4016 367 4064 qua
376 4018 435 4066 pars
445 4005 626 4067 compleretur,
635 4013 714 4069 atque
721 4019 770 4054 una
781 4007 842 4056 urbs
882 4009 933 4065 uia,
944 4012 1055 4074 aquales
1064 4013 1133 4060 inter
1150 4025 1177 4059 se
1191 4013 1353 4062 committere
1364 4026 1404 4060 so·

316 4077 348 4124 ad
367 4079 467 4129 lonium
484 4094 554 4129 mare
567 4081 690 4130 contiuua
705 4084 842 4146 protende·
882 4083 962 4140 lebat,
981 4087 1112 4148 proposita
1131 4099 1180 4133 uuu
1198 4087 1278 4134 solum
1295 4087 1406 4136 materia

317 4152 407 4200 reiut!
882 4173 957 4222 quam
969 4159 1122 4223 seriberent,
1130 4159 1175 4208 seri
1187 4167 1215 4214 et
1222 4159 1327 4221 premio
1335 4159 1403 4221 quad

349 4225 425 4276 ruer
445 4235 468 4277 et
488 4229 617 4293 arcturus]
643 4229 721 4280 Hunc
746 4245 842 4282 rnorem
883 4233 1110 4284 uictorauferret.'
1145 4232 1403 4289 Hiquureualisde
