3216 4918
300 403 366 466 430
751 417 782 462 c.
806 413 984 463 sonrouu

299 562 424 630 relictis
440 559 559 624 Romae
575 578 679 623 uxore
694 565 729 623 ct
743 552 826 637 filio,
843 558 1018 623 confestim
1033 556 1165 624 Ostiam
1188 558 1361 624 descendit
1371 567 1394 639 3²

301 683 343 728 ne
354 663 458 728 verbo
470 662 603 745 quidem
619 663 777 746 cuiquam
794 662 1060 744 prosequentium
1071 669 1085 696 ⁸
1100 659 1237 738 reddito,
1252 681 1393 745 paucos-

301 765 385 850 quet
398 763 574 829 admodum
596 763 630 826 in
655 764 805 845 digressu
826 760 1067 827 exosculatus?
1109 762 1191 844 [11.]
1212 761 1269 827 Ab
1294 760 1394 827 Ostia

299 873 413 931 oram⁹
435 863 630 946 Campaniae
653 863 790 946 legere,e
819 863 1044 928 imbecillitate
1059 861 1206 944 Augusti
1230 867 1391 940 nuntiata,

297 969 435 1051 paulum
446 966 606 1032 substitit.
650 966 717 1029 Sed
731 966 994 1030 increbrescente
1007 973 1033 1002 ¹⁰
1053 985 1185 1032 rumore
1198 969 1306 1050 'quasi
1320 977 1329 1005 ¹
1347 969 1390 1032 ad

298 1071 510 1135 occasionem
535 1067 668 1150 majoris
697 1070 769 1149 spei
792 1073 1059 1143 commoraretur,
1090 1075 1216 1132 tantum
1243 1087 1308 1132 uon
1332 1070 1390 1132 ad-

199 1157 202 1164 ’
298 1173 402 1235 uersis
427 1171 680 1251 tempestatibus
710 1168 867 1233 Rhodum
891 1171 1113 1250 enavigavit,²
1140 1171 1333 1235 amoenitate
1357 1178 1391 1236 et

298 1272 493 1336 salubritate
507 1271 669 1334 insulae“¹
688 1271 759 1353 jam
776 1273 855 1335 inde
870 1279 1001 1354 captuS,
1026 1291 1101 1336 cum
1118 1271 1161 1336 ad
1177 1291 1250 1336 eant
1267 1273 1310 1336 ab
1328 1273 1391 1337 Ar·

299 1375 408 1437 menia
422 1373 553 1438 rediens
568 1371 768 1454 appulisset.
813 1372 882 1435 Hic
897 1373 1040 1437 modicis
1060 1377 1233 1436 contentus
1248 1373 1390 1452 aerlibus,

299 1495 360 1539 nec
375 1475 482 1539 multo
508 1475 636 1539 laxiore
651 1475 871 1553 suburbano,⁸
895 1493 998 1556 genus
1023 1475 1101 1538 vitae
1131 1471 1255 1538 civilef
1275 1473 1390 1539 admo-

329 1684 343 1716 ⁶
363 1687 448 1734 Verrrn
458 1701 510 1734 curn
521 1687 592 1744 suae
608 1688 769 1746 insolesceret,
786 1701 838 1735 eura
854 1686 980 1734 consistere
990 1687 1052 1734 reiut
1061 1687 1092 1736 ori
1102 1687 1241 1748 comendam
1251 1683 1390 1734 moneas

297 1748 392 1808 majoris
402 1750 581 1814 expectationis,
591 1750 701 1800 eroduua
711 1750 868 1810 euasitserrnc
880 1750 964 1798 inuitis
974 1749 1159 1812 tempestatibus.

755 1927 782 1947 Η
784 1926 932 1947 ΙΙΙΙΙΙΙΙΙ

295 2063 345 2107 -8
362 2058 520 2107 Peuccssine
548 2073 576 2108 ue
588 2057 655 2107 Erid.
665 2058 740 2109 Juut.
756 2058 816 2109 nto.
835 2059 924 2122 Steph.
941 2057 1004 2121 Arg.
1028 2059 1098 2109 Dein
1109 2073 1185 2109 cursa
1195 2057 1309 2107 restituit
1321 2054 1390 2106 ono.

297 2137 354 2171 curn
368 2124 456 2172 Burm.
470 2074 547 2173 well.
559 2138 605 2184 pro
617 2125 686 2186 vulg.
703 2127 801 2173 mutat.
818 2124 929 2172 omniurn
947 2124 1012 2172 Mas.
1023 2132 1050 2172 et
1062 2124 1128 2172 Edd.
1139 2124 1211 2171 Vett.
1224 2121 1389 2170 auctoritate.

297 2192 346 2235 —o
361 2189 400 2235 At
412 2188 575 2236 Hostiorum
588 2187 702 2237 Heriem.
714 2196 739 2237 et
751 2190 792 2238 trio
808 2195 835 2236 et
851 2202 929 2250 surpra
946 2189 1018 2237 Host.
1037 2188 1153 2252 plerique
1172 2185 1253 2236 Codd.
1275 2193 1303 2234 et
1319 2183 1387 2233 Eud.

296 2249 359 2299 Mox
372 2252 515 2300 rnauaduto
525 2251 603 2300 Vinrl.
618 2257 639 2300 l.
660 2254 781 2316 paululum
798 2253 870 2301 Cort.
883 2253 949 2300 Edd.
962 2253 1034 2301 Rom.
1046 2253 1109 2301 Ven.
1121 2251 1192 2300 Meri.
1205 2249 1279 2300 Cald.
1291 2250 1389 2298 Bou.-

297 2317 328 2362 1⁰
338 2315 424 2363 Burm.
436 2329 468 2364 ex
483 2315 595 2365 Harlem.
608 2317 673 2376 Cop.
683 2324 710 2365 et
722 2318 789 2366 Edd.
801 2317 911 2365 Casaob.
919 2317 1022 2378 priorilr.
1034 2318 1164 2365 revocavit
1176 2317 1216 2362 reri
1226 2319 1250 2363 et
1259 2316 1318 2362 iser.
1336 2313 1389 2374 Ακ-

295 2379 379 2426 noscit
390 2381 508 2441 copulam
520 2382 598 2429 etiam
607 2381 684 2430 Vind.
696 2384 718 2431 1.
727 2381 773 2429 sed
785 2395 1002 2443 supervacaneam
1010 2381 1131 2443 judicant
1139 2380 1213 2428 Torr.
1225 2377 1294 2428 Outl·
1311 2379 1388 2428 erte·

297 2441 355 2491 dam
368 2443 530 2494 estuantem
540 2445 709 2495 increberc.ss-i
733 2446 845 2501 Quamuis
854 2445 931 2494 Vinci.
943 2449 966 2493 2.
979 2445 1087 2493 [terrm-c
1097 2445 1162 2508 Cep.
1172 2443 1282 2492 malebat
1290 2440 1387 2500 uniret

293 2520 352 2554 com.
377 2508 456 2570 vulg.
468 2506 611 2558 defendunt
624 2509 692 2559 0nd.
704 2510 765 2560 Ero.
778 2509 937 2574 Beuum-2
949 2509 1041 2570 Naris.
1054 2510 1132 2559 Vinci.
1143 2513 1168 2558 2.
1191 2508 1258 2557 Tum
1269 2507 1322 2555 istic
1333 2519 1387 2566 rop-

787 2686 894 2737 NOTAE

325 2795 587 2864 ¹Qstiurudescendit]
604 2797 672 2846 Urbs
690 2805 729 2846 est
749 2798 818 2860 ejus·
859 2796 1003 2858 Pindarus,
1015 2797 1048 2846 rie
1066 2812 1115 2862 qua
1133 2804 1160 2846 et
1182 2795 1305 2846 Horatius
1326 2794 1386 2844 Ode

292 2869 352 2918 dem
364 2870 500 2918 etiamnum
513 2871 588 2920 irodie
604 2871 723 2933 nominis,
734 2872 766 2920 ad
779 2887 818 2922 os·
858 2875 882 2921 7.
895 2872 939 2921 lib.
953 2885 971 2920 r.
990 2873 1085 2922 Strabo
1095 2871 1139 2922 lib.
1150 2885 1209 2921 xrs.
1227 2870 1385 2919 Rhodiorum

294 2943 329 2992 tia
339 2943 469 2994 Tiberina.
859 2946 948 2996 urbem
960 2948 1076 2996 omuibus
1085 2948 1142 2998 aliis
1151 2945 1295 3008 auteponit,
1304 2952 1332 2996 et
1344 2958 1385 2994 sa·

324 3026 336 3053 ¹
357 3020 560 3083 Prosepaentium]
593 3020 631 3070 De
658 3023 706 3072 hoc
732 3037 819 3086 presa·
858 3023 940 3070 casroi
962 3023 1117 3085 aptissimam
1137 3030 1214 3072 autea
1231 3025 1387 3072 censuerunt

291 3095 386 3158 quendi
398 3096 565 3158 Magistratus
583 3097 707 3147 abeuntes
724 3098 817 3164 officio,
858 3099 948 3160 etalii,
964 3104 993 3147 ut
1007 3099 1105 3149 docent
1122 3101 1197 3150 Bruti
1213 3108 1241 3148 et
1258 3099 1335 3148 Matii
1352 3098 1386 3148 ad

293 3187 372 3235 supra
382 3172 408 3220 iu
419 3171 490 3222 lulio
501 3187 525 3222 c.
537 3178 577 3223 ii.
589 3181 615 3222 et
627 3174 695 3223 alibi.
857 3173 1009 3224 Ciceronem
1023 3175 1157 3240 Epistola,
1168 3191 1274 3242 quorum
1287 3182 1386 3238 postre-

325 3246 336 3280 θ
356 3247 512 3296 Exosculatus
530 3247 670 3311 [ouantes]
687 3251 748 3298 Taur
766 3248 816 3300 ire·
859 3263 922 3309 mus,
939 3249 1026 3299 ‘Mihi
1043 3251 1164 3315 quidem‚'
1183 3253 1229 3314 ait,
1245 3252 1284 3299 ‘si
1295 3257 1386 3313 optata

293 3321 484 3385 quantiaerant
499 3323 567 3385 apud
585 3325 710 3374 Romanos
721 3327 817 3390 escula,
856 3326 1008 3390 contingant
1028 3327 1096 3390 qood
1118 3327 1243 3390 reliquum
1261 3325 1386 3379 attritu,

292 3395 417 3446 utebrios
426 3397 555 3447 modoleui
564 3397 818 3464 familiaritatejunc·
856 3399 882 3447 in
894 3401 949 3448 otio
962 3400 1044 3450 Rhodi
1055 3400 1165 3465 degam?
1180 3400 1239 3449 Lib.
1247 3413 1286 3448 ιι.
1299 3399 1383 3461 Epist.

293 3475 334 3520 toa
346 3471 536 3534 oscularentur,
547 3482 576 3521 ac
588 3475 747 3535 potissimum
760 3489 816 3537 per·
856 3477 898 3523 28.
910 3475 936 3524 iu
947 3474 1007 3524 fine.

292 3559 355 3608 agra
377 3545 579 3609 proficiscentes,
602 3555 630 3596 ut
656 3550 732 3598 etiam
760 3551 817 3612 lege
890 3551 1066 3613 ‘Sabariarrd
1088 3551 1204 3600 liecurt
1223 3550 1383 3614 altinonam

292 3621 415 3684 peculiari
434 3621 553 3670 Tiberius
571 3623 672 3671 modum
691 3623 753 3686 ipsis
772 3639 818 3687 po·
857 3639 939 3688 prope
949 3626 1081 3676 ciuitatem
1093 3634 1202 3677 eruerat.
1218 3625 1286 3676 Viris
1294 3625 1318 3675 in
1330 3625 1386 3678 Au·

292 3697 384 3757 suerit,
397 3703 426 3745 ut
436 3693 505 3745 inira
516 3711 573 3759 cap.
584 3702 625 3748 st.
659 3699 699 3750 De
705 3700 764 3763 jure
775 3715 816 3750 os·
858 3707 932 3764 gusto
944 3715 1003 3764 cap.
1013 3706 1038 3750 6.

292 3772 417 3827 culorum,
429 3771 518 3821 Clausi.
529 3787 552 3820 c.
562 3777 602 3822 26.
887 3773 897 3810 ¹
913 3777 995 3826 Genus
1004 3777 1062 3827 cito
1069 3776 1152 3840 etoile]
1174 3779 1274 3829 Privati
1284 3779 1384 3830 stoicis

323 3845 452 3910 elepras]
470 3847 512 3897 Da
528 3847 576 3897 irco
597 3848 675 3898 serbo
695 3864 771 3913 supra
789 3851 815 3899 in
856 3852 946 3916 instar,
959 3861 1049 3918 utpote
1070 3855 1122 3919 qni,
1132 3855 1282 3906 Tribunicio
1297 3863 1383 3919 potes·

292 3907 413 3973 3⁰8¹¹⁸¹⁰
424 3927 447 3961 θ·
460 3915 499 3962 ¹⁶·
857 3935 912 3978 tate
924 3929 985 3981 licet
1002 3937 1151 3995 exornatus,
1166 3931 1270 3981 lictores
1288 3937 1383 3991 tamen,

323 3993 335 4026 ¹
352 3997 661 4063 damnitate....iasrrlc]
695 4001 760 4052 Qua
782 4001 815 4052 ab
855 4011 884 4053 at
895 4005 946 4053 alia
961 4007 1068 4056 Romani
1084 4007 1254 4070 Magistratus
1265 4005 1385 4068 insignia,

292 4067 349 4116 aliis
371 4085 471 4136 quoque
494 4075 603 4136 antiquis
624 4077 730 4125 multum
748 4092 816 4126 com·
856 4090 907 4128 uon
928 4080 1044 4133 haberet.
1076 4083 1121 4132 De
1143 4083 1268 4132 civilitate
1284 4082 1311 4130 in
1331 4081 1383 4130 An·

292 4142 457 4196 mandataest
468 4161 474 4195 r
487 4147 545 4196 ideo
553 4149 815 4201 Solisacratamilirm
855 4161 930 4213 gusto
941 4168 965 4202 c.
977 4161 1016 4204 tr.
1029 4164 1056 4208 et
1066 4157 1132 4208 inira
1144 4171 1193 4207 non
1209 4158 1298 4221 semel,
1313 4165 1340 4205 et
1356 4155 1382 4204 iu

290 4215 423 4281 dicebaut,
433 4228 460 4269 et
471 4221 496 4270 iu
507 4237 537 4272 ea
556 4239 619 4273 auro
635 4226 730 4289 pluisse
744 4230 815 4276 cauit
854 4227 924 4278 Julio
935 4243 958 4280 c.
971 4234 1011 4279 oo.
