3120 4926
274 443 297 509 d
617 457 1026 506 enumerares-causis

272 607 463 686 optassent.
507 599 595 678 Quae
610 617 687 664 cnm
702 599 753 663 ita
773 599 895 676 forent,
918 595 1146 661 excutiendam
1163 595 1297 680 quidem
1312 611 1371 659 cu·

273 705 345 767 ra'vi
357 703 496 766 alteram
510 701 736 784 Bipoutiuam,
749 699 792 763 ad
806 699 1012 763 Ernestianae
1022 699 1210 780 exemptum
1222 698 1369 763 maxime

275 823 483 886 expressam,
498 801 559 866 sed
574 803 791 884 recognitam,
812 803 973 883 novisque
988 800 1078 863 curis
1093 799 1293 864 felicissime
1303 798 1371 880 ple-

273 923 412 986 rumque
437 900 657 980 emendatam,
680 903 729 966 ita
751 911 875 978 tamen,
897 908 937 965 ut
960 919 1003 966 ex
1030 899 1311 983 Oudendorpiana
1336 906 1371 960 et

274 1003 455 1082 Wolfiana,
469 1002 633 1086 quicquid
649 1005 841 1068 melioribus
856 1003 952 1068 libris
966 1003 1164 1078 saltemve]
1187 1003 1320 1082 lingum,
1336 1005 1371 1062 et

273 1105 383 1188 ipsius
398 1104 545 1168 auctoris
561 1106 647 1180 usui,
661 1123 768 1168 rerum
781 1103 924 1186 denique
935 1103 1067 1167 veritati
1083 1101 1370 1167 accommodatius

273 1206 451 1283 videretur,
474 1211 632 1288 tanquam
657 1225 701 1268 ex
723 1202 942 1268 reconditiora
962 1203 1128 1279 thesauro,
1143 1200 1370 1280 effunderem

272 1325 382 1389 neque
398 1307 519 1387 longus
533 1305 582 1368 fui
597 1306 631 1368 iu
645 1305 882 1383 enumeranda,
893 1323 993 1387 quam
1004 1303 1194 1386 superiores
1207 1303 1369 1366 editiones

271 1408 507 1490 copiosissime
532 1407 763 1482 exhibuerant,
785 1407 942 1471 lectionis
965 1406 1133 1483 venerate,
1157 1404 1217 1470 sed
1241 1403 1284 1467 de
1299 1423 1371 1484 grs-

272 1509 420 1571 vioribus
435 1507 662 1582 admonuisse,
677 1507 744 1584 rei,
759 1527 836 1590 quse
849 1525 969 1571 causas
982 1513 1018 1571 et
1028 1507 1186 1588 originem
1199 1505 1301 1570 variae
1312 1505 1371 1568 de·

270 1609 475 1691 pravatiouis
498 1607 619 1672 docere
639 1606 784 1691 juvenes
806 1613 972 1690 poterant,
992 1623 1271 1671 commemorasse
1286 1624 1368 1668 con·

272 1716 397 1787 tentas,
419 1709 511 1772 brevi
525 1713 647 1772 tantum
664 1707 903 1792 disputatione,
919 1727 979 1772 cnr
992 1709 1077 1772 hanc
1092 1707 1144 1771 vel
1160 1707 1253 1770 illam
1268 1706 1370 1770 ratio-

270 1829 345 1873 nem
373 1809 606 1893 praetulissem,
628 1810 784 1893 exposui.
839 1807 994 1893 Acmen
1022 1806 1155 1890 quidem
1180 1805 1309 1890 judicio
1336 1809 1369 1870 in

273 1911 431 1975 mutando
452 1915 544 1974 textu
558 1911 726 1976 rarissime
740 1931 823 1975 usus
839 1930 924 1988 snm,
946 1911 1065 1974 innato
1086 1908 1245 1991 quodam,
1270 1927 1367 1989 quem

272 2011 415 2093 profiteri
439 2009 529 2076 haud
557 2013 732 2088 erubesco,
752 2012 894 2095 pudore,
916 2018 948 2076 et
971 2011 1052 2075 satis
1070 2009 1258 2094 justontalis
1272 2008 1369 2070 sedu-

271 2111 376 2175 litatis
400 2111 502 2192 odio;
531 2111 598 2178 nisi
626 2112 717 2196 quod
744 2113 901 2198 majorem
923 2113 1100 2194 scripturae
1125 2117 1160 2174 et
1181 2113 1369 2191 interpunc-

272 2213 383 2290 tionis,
405 2233 504 2297 quam
531 2215 741 2279 observatam
767 2214 832 2279 hoc
862 2233 967 2296 usqne
996 2230 1229 2294 cognoveram,
1256 2230 1368 2293 aequa-

271 2314 435 2379 bilitatem
463 2315 626 2398 spectavi,
655 2315 865 2398 suspiciones
895 2323 1015 2390 antem,
1048 2333 1125 2396 quae
1152 2313 1257 2377 variis
1282 2317 1369 2377 'tem-

271 2417 410 2498 poribus
439 2415 526 2480 inter
554 2415 730 2498 legendum
760 2417 814 2480 vel
847 2414 1132 2498 interpretandum
1162 2414 1366 2490 aooidorant,

272 2515 481 2580 solummodo
510 2516 544 2578 in
572 2517 663 2580 notis
692 2519 866 2600 proposui.
926 2516 966 2580 In
993 2517 1057 2580 hoc
1083 2522 1193 2580 autern
1220 2517 1367 2598 negotio,

271 2624 310 2682 ut
331 2626 431 2681 antea
448 2615 520 2700 jam
543 2615 628 2696 dixi,
649 2618 684 2682 in
706 2621 835 2701 paratis
859 2617 1140 2702 acquiescendum
1157 2616 1233 2693 init,
1249 2616 1368 2680 editio·

270 2719 369 2783 uibus
393 2719 533 2795 scilicet,
557 2737 643 2800 quas
668 2720 804 2802 quidem
826 2717 1127 2801 compateremini
1149 2717 1256 2794 licuit,
1280 2737 1368 2800 prae-

271 2820 498 2896 stantissimis,
513 2819 635 2901 iisque,
651 2839 730 2904 qnae
745 2822 873 2904 passim
891 2820 952 2884 viri
967 2819 1059 2885 ducti
1084 2817 1119 2881 in
1135 2819 1369 2902 disputationi-

271 2922 335 2984 bus
352 2921 393 2984 de
408 2920 538 2984 bucael
553 2921 612 2984 iilo
627 2923 704 2986 loco
728 2923 864 2986 uberius
887 2922 1095 3005 pierumque,
1110 2939 1212 3003 quam
1227 2921 1262 2983 in
1273 2920 1369 3002 justa

270 3021 419 3086 editione
445 3023 516 3087 fieri
545 3023 642 3101 solet,
670 3032 911 3106 exposuerunt,
933 3041 1033 3105 quam
1058 3023 1159 3086 etiam
1189 3022 1322 3085 obrem
1346 3039 1368 3086 a

270 3121 369 3204 longo
384 3122 463 3188 inde
479 3132 628 3206 tempore
644 3125 687 3188 ad
702 3143 827 3195 omnes,
840 3125 897 3206 qui
914 3123 1062 3188 Suetonii
1079 3123 1224 3205 aliquam
1241 3129 1366 3204 partem

272 3231 465 3300 tractarent,
477 3223 611 3288 libellos
629 3225 726 3289 vaide
740 3224 881 3302 attendi,
892 3230 927 3287 et
941 3242 1164 3306 quaecumque
1174 3222 1297 3307 judicii
1313 3225 1368 3289 vei

269 3326 418 3388 novitate
443 3326 495 3389 vel
517 3326 662 3390 veritate
687 3327 850 3390 notabilia
876 3325 1074 3402 viderentur,
1099 3325 1133 3389 in
1160 3343 1230 3388 rem
1258 3345 1366 3389 meam

268 3426 427 3489 converti.
473 3425 525 3490 Ae
537 3427 739 3508 praecipuam
755 3427 892 3510 quidem
907 3445 1050 3490 messem
1066 3426 1177 3490 inveni
1193 3427 1229 3490 in
1239 3426 1367 3491 Obser-

268 3527 460 3591 vationibus
477 3525 623 3602 Miilleri,
639 3527 763 3592 scholae
779 3527 931 3591 cinensis
947 3527 1116 3600 Rectoris,
1133 3527 1233 3610 cujas
1248 3534 1367 3612 postea

269 3627 371 3691 aliam
387 3646 462 3691 cum
485 3627 633 3692 maxima
655 3629 834 3709 gratiarum
857 3630 990 3692 actione
1016 3628 1215 3691 mentionem
1229 3627 1366 3705 faciam,

269 3747 346 3792 cum
373 3729 406 3792 iu
433 3729 604 3810 publicum
626 3728 757 3792 emissis
778 3749 865 3794 auno
892 3727 1082 3793 reustum
1108 3727 1254 3804 schedis,
1286 3747 1366 3812 qua·

268 3847 340 3892 rum
366 3847 463 3890 usum
491 3826 573 3890 mibi
598 3829 781 3905 concessit,
813 3829 964 3906 inaratis,
996 3835 1029 3892 et
1053 3827 1231 3906 Waltheri,
1263 3830 1366 3914 Lycei

268 3927 416 4010 Torgav.
447 3929 768 4013 Surrentinisque
795 3947 882 3994 anno
913 3930 1009 3995 1813.
1037 3930 1242 4013 prodiemut,
1273 3933 1367 3998 finita

168 4015 177 4034 ⁸
263 4032 335 4116 jam
346 4029 562 4114 operisparte
574 4031 617 4094 ad
629 4049 680 4095 me
690 4031 989 4116 delatae,aquibus
999 4033 1049 4095 uti
1059 4051 1165 4096 meam
1176 4033 1365 4116 opinionem

268 4130 373 4196 modo
396 4129 632 4208 confirmatam,
646 4133 746 4196 modo
761 4133 891 4198 idoneis
914 4133 1116 4216 argumentis
1130 4135 1365 4218 exemplisque

269 4237 463 4309 astructam,
477 4231 578 4296 modo
601 4239 786 4299 correctam
810 4241 846 4298 et
867 4233 1053 4312 refutatam,
1070 4241 1161 4318 grato
1183 4236 1293 4302 animo
1316 4237 1365 4301 iu·
