3094 4914
197 355 200 364 ¹
253 383 318 451 128
683 396 714 442 o.
737 389 915 443 sennenn

252 548 316 608 eat.
359 539 445 604 Cum
460 537 646 603 immolanti
660 536 867 619 aufugisset‘²
892 533 1013 612 boetia,
1035 533 1272 617 prosectionem
1288 535 1332 600 ad

253 661 368 706 vorsus
397 640 589 722 Scipionem
618 645 655 702 et
681 637 827 702 Jubam⁰
854 655 918 700 uon
944 633 1083 700 distulit.
1135 635 1352 718 Prolapaust‘

254 742 358 806 etiam
372 742 419 805 iu¹
434 759 573 822 egressu
580 739 696 815 maria,
704 756 801 801 verso
816 737 858 800 ed
874 737 994 800 melius
1005 736 1125 814 omine,
1140 736 1279 800 ‘Teneo
1293 736 1351 814 te‚’

253 841 373 924 inquit,
388 840 543 905 ‘Africa‘
570 838 627 904 Ad
643 837 849 903 cludendae²
863 847 974 903 autem
989 839 1260 914 vaticinationes,
1275 839 1354 920 qui·

254 945 317 1007 boa
332 942 415 1007 felix
429 949 464 1004 et
477 942 640 1005 invictum
655 941 690 1004 iu
704 959 747 1004 ea
760 937 937 1021 provincia
956 937 1124 1002 totaliterq
1148 938 1351 1020 Scipionum

254 1063 375 1109 nomen
390 1043 568 1118 serebatur,
582 1040 875 1123 despectissimum
884 1039 1049 1121 quendam
1063 1058 1106 1103 ex
1118 1037 1351 1102 Corneliorum

254 1152 399 1226 genere,r
422 1144 479 1207 cui
502 1141 546 1206 ad
569 1141 785 1224 opprobrium
805 1141 886 1203 vitae
912 1140 1123 1204 Salutiooi³⁸
1141 1145 1352 1220 cognomen*

255 1251 338 1321 erat,
359 1245 397 1307 iu
420 1244 541 1306 cestria
562 1259 678 1304 aecum
691 1240 819 1305 habuit.
862 1241 943 1323 [oa]
965 1240 1090 1305 Proelia
1111 1259 1175 1303 non
1198 1245 1351 1302 tautum⁵

255 1343 444 1420 destinatof
467 1341 527 1406 sed
543 1359 589 1404 ex
603 1343 782 1405 occasione
805 1341 980 1422 sumebat3
1003 1359 1044 1405 ac
1060 1359 1152 1424 saepe
1173 1339 1352 1404 abitinere

710 1534 739 1555 00
742 1532 830 1556 ΟΜΝ
833 1535 892 1556 em

248 1681 362 1742 sugoeaet
372 1679 510 1742 anae.-t
528 1678 560 1727 Ia
570 1677 660 1726 exulat
678 1691 693 1726 n
709 1679 819 1730 Tornac.
842 1678 953 1742 tagram
970 1677 1044 1728 Med.
1055 1683 1080 1728 2.
1096 1677 1176 1728 Vind.
1186 1682 1211 1729 2.
1231 1679 1304 1730 Cort.
1324 1688 1353 1731 et

256 1745 324 1792 Edd.
333 1744 407 1792 Rom.
427 1743 491 1791 Tum
502 1756 582 1790 mear
592 1740 717 1791 liuta-t
725 1743 878 1794 Delndeadua
889 1743 980 1806 Cujee.
991 1742 1064 1792 Med.
1075 1747 1100 1792 i.
1111 1743 1202 1805 Canop.
1213 1744 1355 1794 Μαιῶται

256 1807 385 1857 Fauo—t
403 1806 510 1854 variant
522 1805 658 1854 admodum
672 1806 755 1855 Codd.
766 1815 795 1856 et
811 1806 868 1855 VV.
881 1807 941 1855 Di).
953 1807 979 1855 in
990 1806 1039 1854 boe
1050 1807 1153 1854 nomine
1172 1808 1352 1869 exprimendo.

257 1870 378 1920 Soletioai
389 1869 451 1918 dant
459 1867 537 1917 Vind.
547 1871 570 1918 1.
591 1869 649 1918 Pal.
662 1873 684 1918 l.
703 1877 731 1917 et
742 1869 858 1918 nonnulli
868 1870 911 1918 alli
928 1885 985 1919 cnm
1004 1869 1071 1918 Edd.
1084 1870 1157 1918 Rom.
1167 1868 1257 1932 Stepb.
1269 1885 1354 1936 marg.

257 1933 357 1998 Gryplr.
369 1933 437 1994 qnod
448 1945 571 1994 recepere
589 1932 678 1982 Burro.
690 1932 760 1982 Ond.
777 1935 839 1983 Ero.
857 1933 968 1996 Baumg.
1000 1932 1119 1982 Saluitoni
1134 1933 1240 1984 Memor.
1257 1936 1355 1998 Caper.

256 1995 332 2048 Hnta.
345 1998 401 2047 Pal.
411 2001 434 2045 t.
447 1996 520 2046 Med.
533 2004 567 2044 tr.
577 1996 656 2045 vind.
666 2000 689 2044 S.
702 1997 774 2045 Cort.
785 1997 866 2046 Polit.
877 1998 963 2047 Pulm.
972 2005 1000 2046 et
1009 2003 1119 2060 quatuor
1130 1997 1196 2045 blaa.
1206 1999 1282 2048 Torr.
1297 1999 1353 2047 Sul·

256 2061 338 2109 oitnea
349 2061 440 2110 Pale.
466 2058 575 2108 &bitae
587 2058 668 2109 Rbed·
680 2063 704 2108 1.
729 2059 894 2110 SoloiaiPin.
909 2062 987 2110 Fuuc.
1012 2060 1141 2109 Sulcitim'
1152 2059 1308 2111 Periacum
1326 2061 1355 2112 J.

257 2125 343 2180 Celae,
352 2131 378 2172 et
390 2122 458 2172 Edd.
469 2123 538 2172 Van.
552 2127 575 2171 1.
585 2123 660 2171 Cald.
693 2123 824 2174 Suom
837 2123 952 2173 Heriem.
984 2122 1274 2173 Solantoaiccd.Urain.
1305 2124 1354 2174 Su-

256 2187 367 2236 lntatioei
377 2187 426 2236 Ed.
435 2186 534 2248 Gryplr.
544 2189 594 2234 dcc.
610 2187 743 2235 Plutarch.
754 2186 780 2235 ln
793 2188 859 2236 Cer.
870 2201 893 2238 e.
905 2191 945 2237 di.
961 2186 1062 2251 profert
1077 2187 1237 2251 Σιλλονιίαν,
1254 2194 1282 2237 et
1298 2188 1355 2240 Dio

257 2251 275 2299 l.
289 2263 359 2300 xnu.
376 2264 401 2299 c.
413 2254 455 2300 ol.
473 2247 612 2300 atowe.
645 2249 798 2311 Corrigebat
811 2259 895 2299 taoren
906 2250 988 2300 Gran.
1001 2249 1122 2312 Salaeni,
1134 2258 1162 2299 et
1173 2251 1251 2300 Gnrt.
1261 2251 1356 2301 Saluit-

257 2315 309 2361 tcai
320 2313 351 2362 ad
364 2314 433 2363 Plin.
446 2313 462 2361 l.
476 2325 563 2362 xxxv.
574 2317 598 2361 a.
610 2311 664 2375 nbi,
675 2319 704 2362 ut
716 2315 742 2362 in
754 2315 771 2363 Ι.
781 2326 834 2363 vu.
846 2318 885 2364 tn.
903 2314 1004 2363 diverte
1016 2328 1108 2363 nomen
1118 2321 1249 2365 exarator.
1280 2315 1354 2378 Lipa.

258 2377 419 2426 Electrae.
431 2379 471 2426 17.
483 2375 595 2425 malebat
607 2376 737 2437 Sutudmi
748 2393 763 2426 a
774 2377 860 2434 Setun,
878 2391 925 2427 nec
936 2376 1059 2441 diaplicet
1072 2379 1146 2428 'l'ora
1158 2378 1270 2429 Quidam
1282 2379 1356 2427 deni·

258 2453 309 2502 que
320 2442 420 2488 malunt
438 2453 513 2489 vocer
527 2441 559 2488 od
577 2439 628 2501 obp.
648 2441 693 2489 nit.
712 2440 845 2500 delendae,
865 2441 938 2505 quari
956 2442 1191 2504 supposititiae-d
1209 2442 1357 2503 Seguntiae

257 2503 341 2550 Rbed.
353 2507 378 2552 2.
406 2503 468 2551 Mox
479 2517 526 2552 aee·
535 2503 562 2550 ia
572 2517 620 2550 cua.
637 2503 722 2554 Paria.
735 2505 824 2567 trojia
835 2504 902 2554 Veo.
911 2513 944 2553 tr.
957 2507 1024 2554 Boo.
1043 2505 1116 2556 (laid.
1133 2504 1242 2554 Mediol.
1259 2505 1355 2567 Steplr.

256 2565 331 2615 Junt.
345 2565 427 2628 bugd.
441 2565 501 2616 Alo.
513 2567 658 2616 aaaron.
668 2567 836 2632 aliaeque-li
849 2569 906 2616 Neo
917 2571 1049 2629 repedent.
1061 2583 1125 2617 uana
1136 2569 1201 2617 liber
1211 2569 1284 2617 Torr.
1294 2583 1358 2631 pro·

258 2629 338 2679 bante
349 2630 413 2692 ipao.
428 2629 492 2679 Tum
504 2643 656 2693 prapaaea
667 2630 741 2681 deeat
749 2631 850 2681 viterb.
858 2631 936 2681 Vind.
946 2637 971 2681 ².
983 2632 1055 2682 Cort-
1066 2632 1134 2682 nude
1146 2632 1234 2682 Burro.
1244 2638 1272 2682 et
1281 2631 1355 2682 Oud.

754 2807 861 2859 NOTAE

223 2939 227 2948 ¹
290 2929 604 2996 etmamtaefrgtaet]
621 2934 698 2986 Quod
714 2943 786 2985 cete·
857 2935 1013 2998 'Salatioass
1039 2937 1118 2986 Varie
1137 2936 1188 2986 isto
1205 2935 1238 2985 de
1257 2950 1356 3000 eogno-

257 3019 299 3054 roa
325 3005 358 3054 ab
388 3005 495 3069 incepto
513 3009 675 3072 deterrebat,
692 3016 785 3073 utpote
825 3011 893 3061 mine
903 3011 968 3060 varii
983 3011 1073 3073 legunt
1088 3018 1115 3061 et
1124 3012 1285 3073 conjiciunt:
1306 3013 1356 3062 aed

256 3080 357 3142 signnm
377 3079 491 3144 iufanrtl,
510 3096 559 3132 nec
576 3082 626 3133 dile
641 3084 785 3147 accipiendi
825 3085 867 3134 vel
887 3084 1084 3148 relinquendum
1106 3085 1210 3134 videtur
1234 3083 1358 3134 Suiutiorri

256 3151 393 3202 arerificii:
409 3154 483 3218 eujua
494 3157 610 3206 meminit
627 3164 655 3205 et
669 3158 786 3207 bocauna
825 3158 1036 3221 mimienjuoderu
1047 3171 1151 3222 nornen,
1160 3159 1196 3208 ita
1206 3165 1236 3207 ut
1245 3159 1280 3207 illi
1289 3170 1356 3222 quo-

256 3227 302 3276 lib.
314 3240 364 3277 ιιι.
380 3227 526 3278 ‘Diecnaaa
541 3228 607 3292 fugit
619 3230 652 3279 ab
663 3245 709 3280 rra
718 3233 785 3281 Tan·
826 3249 876 3299 que
887 3233 989 3282 nomiae
998 3233 1087 3281 cimilia
1098 3241 1260 3297 eaaeaquern
1274 3233 1356 3281 mori-

257 3302 320 3357 rur.'
330 3305 380 3352 dcc.
414 3305 454 3352 De
472 3303 521 3354 hoc
540 3305 625 3359 omine
641 3304 699 3353 ride
715 3313 744 3354 et
760 3307 786 3354 lu
825 3307 873 3356 bur
884 3314 912 3357 et
923 3307 1001 3355 etiarn
1012 3307 1085 3356 rultn
1097 3305 1193 3355 reterre
1207 3307 1357 3365 dicebatur,

258 3375 369 3425 Galbc.
381 3379 422 3424 18.
827 3383 877 3443 vel,
893 3381 914 3430 al
924 3381 984 3445 quiid
1002 3381 1131 3430 immutari
1142 3378 1246 3443 debeat,
1265 3382 1356 3444 Lipaio

290 3457 302 3482 ⁰
318 3449 450 3513 Sdpim
458 3455 482 3500 et
492 3450 592 3520 deiero]
611 3453 651 3500 De
662 3451 699 3502 hir
708 3466 788 3515 rupea
827 3455 871 3504 lib.
883 3455 967 3503 Elect.
979 3467 1011 3503 ιι.
1021 3469 1044 3504 o.
1058 3459 1098 3503 lt.
1114 3455 1307 3505 ementiendum
1318 3457 1356 3506 le·

257 3541 282 3576 c.
292 3531 333 3576 td.
827 3527 914 3592 gendo
924 3527 1054 3592 Suboeai,
1065 3543 1113 3592 pro
1125 3543 1219 3593 rpnrro
1231 3537 1259 3580 et
1271 3529 1355 3594 impu-

290 3611 303 3646 Ρ
319 3603 460 3667 Proluperre]
471 3604 556 3653 Omen
568 3605 699 3670 ceteroqui
711 3605 786 3656 triete
826 3617 864 3666 ro,
881 3603 1215 3669 asalax,qnernadmodoru
1232 3620 1248 3652 a
1264 3605 1352 3654 Senex

257 3681 284 3730 in
293 3679 505 3742 expeditionibnr
515 3679 678 3743 incipiendir.
824 3679 946 3741 Senecio,
956 3679 1057 3730 orniaria
1073 3679 1128 3730 aliia
1141 3681 1297 3730 lectionibus
1309 3681 1355 3731 Su·

289 3753 449 3816 ni'rtoliter]
460 3754 539 3805 Queri
550 3752 662 3805 satorum
673 3755 784 3807 necersi·
824 3755 1132 3820 laitoai.Suletutieai,d·c.
1159 3757 1252 3821 Neque
1265 3765 1356 3806 tamen

259 3837 314 3880 tate
332 3829 389 3879 freni
406 3836 549 3894 oporteret,
563 3839 591 3880 at
606 3831 741 3894 Scipioner
758 3833 784 3881 iu
825 3830 891 3881 adeo
909 3830 1109 3881 contemnendae
1136 3831 1189 3891 ille,
1205 3833 1266 3896 quin
1295 3833 1356 3881 loeo

160 3918 181 3968 χ
260 3903 350 3953 Africa
376 3905 512 3956 vincerent
540 3911 647 3968 propter
664 3907 785 3956 victoriae
826 3906 989 3970 postmodnm
1007 3907 1095 3971 aliquo
1111 3905 1191 3956 fuerit
1208 3907 1356 3970 apndCae-

258 3977 311 4028 illie
323 3993 339 4026 a
354 3977 516 4043 Scipionibus
528 3980 628 4043 rnnjore
637 3987 665 4031 et
679 3981 786 4044 juniore
825 3994 918 4043 rerem,
935 3995 1051 4048 opesque
1069 3994 1175 4043 magnas
1198 3995 1229 4030 eo
1246 3981 1354 4030 favente

260 4059 359 4116 partae.
826 4055 1023 4119 comparaverit,
1039 4061 1070 4102 nt
1085 4063 1177 4105 unctor
1195 4063 1234 4105 eat
1252 4055 1355 4105 Plinius

292 4132 301 4158 ¹
319 4127 479 4175 Corneliorum
487 4127 586 4192 genere]
604 4130 680 4182 Unde
689 4137 719 4182 et
731 4131 786 4183 Sci·
826 4129 870 4182 lib.
882 4141 932 4179 ιιι.
942 4141 966 4179 c.
976 4133 1017 4183 12.
1029 4136 1057 4179 et
1066 4129 1110 4179 lib.
1121 4141 1210 4180 xxxv.
1218 4145 1242 4180 c.
1252 4133 1277 4182 ².

261 4201 351 4265 pionea
359 4200 490 4252 ducebant
500 4203 633 4267 originem.
