3160 4918
676 373 875 422 uersutus.
1019 407 1023 415 .
1263 359 1327 427 eat

226 515 285 594 Et,
299 513 383 579 ‘Sat
393 511 565 578 celeriter·
580 509 664 589 lieri,
674 513 836 595 quicquid
847 511 906 578 tint
917 513 1001 578 satie
1012 513 1121 580 bene?
1143 513 1325 582 ΡιιιιΙίιιιιις

226 617 364 702 quidem
380 621 439 679 ant
452 613 579 678 bellum
595 612 847 696 suscipiendum
859 615 995 680 omnino
1005 617 1163 700 negabat,
1171 617 1237 682 nisi
1248 636 1328 682 cunr

226 713 356 800 major‘
375 715 585 782 emolumenti
601 735 692 799 spes,
707 735 808 799 qnam
823 716 937 782 damni
952 727 1073 797 metus,
1093 719 1330 784 ostenderetur.

226 819 319 885 Naro
339 819 503 884 ‘minima
517 817 695 883 commoda
712 836 780 882 non
792 819 928 883 minimo
943 825 1111 885 sectantes
1125 820 1329 899 discrimine,

226 921 377 988 similes’
399 921 513 986 aiebat
533 925 631 984 ‘esse
653 937 755 983 aureo
778 917 877 983 hamo
893 920 1125 1003 piscantibus:
1147 921 1246 1008 cujus
1269 923 1329 986 ab·

226 1023 318 1115 rupti
332 1022 487 1087 damnum
502 1021 594 1085 nulla
608 1027 750 1104 captura
764 1023 897 1103 pensari
917 1023 1056 1106 posset!
1099 1023 1178 1108 [nu]
1199 1023 1329 1107 Magis·

224 1131 336 1192 trstus
360 1131 464 1208 atque
485 1122 629 1188 bonores
644 1121 697 1187 et⁶
719 1130 798 1187 ante
823 1129 969 1208 tompus,
992 1132 1030 1190 et
1052 1123 1218 1208 quosdam
1247 1127 1329 1191 novi

225 1225 359 1308 generis
373 1231 645 1310 perpetuosqua⁸
667 1225 771 1307 cepit.
814 1224 1034 1290 Consulatum
1046 1225 1234 1292 vicesimo*
1247 1233 1331 1294 sata,

225 1327 269 1390 tis
284 1346 375 1391 anno
390 1326 525 1404 invasit,
543 1325 689 1390 admotis
711 1325 875 1391 hostiliter
902 1327 947 1391 ad
974 1327 1101 1393 Urbem
1125 1328 1328 1410 legionibus,

224 1428 501 1517 missisqueuui
524 1427 590 1491 sibi
618 1428 751 1504 nomine
779 1429 948 1494 exereitus
976 1429 1223 1513 deposcerent:
1245 1449 1325 1496 eum

224 1530 386 1612 quidem,⁷
409 1533 586 1594 cunctante
600 1527 741 1606 Senatu,
766 1528 942 1594 Cornelius
969 1529 1143 1608 Centurio,
1166 1531 1326 1616 princeps

225 1630 415 1712 legationis,
437 1632 566 1715 rejecto
580 1627 718 1712 sagulo,i
740 1630 914 1696 ostendens
941 1631 1043 1714 gladii
1070 1633 1240 1715 capulum,
1263 1644 1329 1698 non

225 1730 416 1798 dubitasset
429 1734 465 1797 in
482 1731 583 1798 Curia
599 1732 721 1810 dicere,
745 1733 835 1796 ‘Hic
849 1733 963 1811 saciet,
984 1735 1013 1798 si
1028 1753 1092 1798 vos
1117 1753 1188 1798 non
1208 1731 1329 1798 leceri-

227 1833 317 1899 tis.’⁸
363 1835 557 1900 Secundum
578 1834 790 1900 consulatum
805 1842 888 1918 post
901 1853 1021 1900 novem
1037 1831 1171 1912 annos,¹‘
1193 1836 1328 1899 tertium

224 2124 360 2188 et,eotrr1n
368 2123 445 2174 Vlnd
452 2129 527 2175 2.-u
539 2125 639 2176 Media.
648 2129 674 2176 8.
684 2128 802 2179 etPolit.
811 2128 928 2190 dnntpro
935 2128 1003 2190 prot.
1020 2125 1089 2174 Turn
1098 2121 1212 2174 numm
1219 2123 1328 2174 blesum.

224 2198 253 2240 et
264 2190 369 2239 tandem
381 2203 430 2239 rrae
437 2190 516 2239 oblat
527 2189 606 2240 vind.
617 2195 642 2242 8.
653 2192 797 2242 auderi
772 2193 851 2243 nudat
881 2193 973 2242 tomum
985 2205 1043 2240 esse
1054 2197 1131 2253 putat
1143 2189 1264 2239 Onu-tt
1279 2188 1330 2238 Sed

224 2253 398 2304 catellorum.
408 2255 487 2304 none
497 2255 596 2305 Medic.
607 2257 706 2320 zcoj.
722 2257 799 2307 Voss.
832 2257 846 2306 1
889 2255 1049 2306 admonitis
1067 2252 1328 2304 decimonono

224 2317 291 2369 forte
303 2333 449 2382 operarum.
450 2323 497 2368 -7
512 2319 616 2375 went
625 2321 709 2372 Paris.
720 2322 788 2372 Edd.
796 2321 864 2371 Ven.
877 2329 911 2370 tr.
924 2322 980 2383 Lug
981 2319 1006 2368 d.
1017 2317 1091 2368 Med.
1098 2317 1173 2368 ests.
1198 2317 1263 2366 Mox
1272 2331 1330 2366 con·

223 2388 330 2434 certante
341 2385 414 2435 cort.
425 2391 452 2434 et
464 2383 533 2434 ned.
542 2384 664 2435 Rooted
675 2386 817 2446 Sirenses
827 2383 958 2436 ooaVind.
970 2389 994 2434 l.
1005 2383 1092 2433 Poris.
1101 2382 1176 2434 Harl.
1183 2381 1251 2431 Edd
1259 2381 1329 2431 Van.

718 2529 826 2580 NO'I'AE

258 2621 452 2688 ‘detesto-tter]
464 2625 573 2676 Dictum
582 2625 756 2677 catonir‘ret
796 2627 839 2688 do,
856 2641 915 2678 oum
932 2623 966 2674 ab
982 2623 1089 2674 ineunte
1105 2627 1185 2672 utute
1196 2635 1237 2671 rer
1246 2622 1328 2672 mnxb

225 2699 288 2764 aito,
299 2699 321 2748 sl
333 2707 374 2750 rat
386 2700 470 2750 bene’
794 2717 851 2752 mus
862 2715 955 2766 gerere
965 2701 1097 2763 cupisset,
1111 2711 1198 2748 nonne
1210 2699 1288 2747 tertio
1299 2705 1329 2749 et

256 2773 268 2806 s
280 2773 375 2838 Major]
392 2775 458 2826 Here
470 2775 556 2824 omnia
564 2774 648 2824 ferme
657 2773 689 2823 ad
698 2787 755 2824 ver·
796 2778 927 2826 tricesimo
936 2789 1003 2826 enno
1011 2779 1121 2824 mortem
1129 2772 1210 2822 obiiti
1220 2785 1279 2837 quae
1288 2778 1329 2822 est

223 2849 283 2900 bour
293 2850 414 2899 Aurelius
423 2851 450 2898 in
458 2849 587 2914 Augusto.
605 2849 693 2899 (irael
702 2863 757 2898 rer·
796 2843 861 2902 aeter
877 2853 973 2902 nostris
986 2849 1087 2912 legibus
1098 2847 1188 2898 decern
1200 2848 1273 2898 annis
1283 2849 1331 2898 mi·

223 2940 266 2976 sua
288 2925 423 2989 Euripidis
440 2931 502 2976 aunt
519 2927 546 2976 in
558 2923 685 2975 Phaenius.
696 2929 755 2978 889.
795 2941 844 2978 nor
855 2941 931 2992 quarn
942 2921 1103 2976 consuleris!
1126 2921 1329 2974 Debebetsnim

223 3000 284 3050 vide
304 3001 331 3049 in
352 2999 424 3052 dolio
443 3003 520 3050 esd.
553 2999 625 3049 Note
641 2997 755 3052 ‘emto’
795 3002 934 3066 prudentie
943 3001 1078 3051 etvlrtote
1086 2996 1212 3060 singulari
1226 2999 1328 3060 conspi-

225 3079 323 3140 oppont
341 3074 520 3126 ‘audentem’
551 3075 637 3140 Supra
655 3075 681 3124 in
701 3075 755 3128 Jal.
795 3091 858 3127 uuus
876 3077 899 3126 ir
914 3090 983 3134 erae,
999 3074 1043 3139 qui
1061 3074 1129 3122 bone
1140 3072 1265 3122 honorent
1277 3087 1329 3122 em·

224 3165 249 3200 e·
259 3155 299 3201 88.
318 3151 466 3202 innammlr
482 3164 584 3216 qnoque
600 3151 653 3200 ruis
663 3150 690 3200 ld
703 3151 755 3214 rig·
794 3151 893 3211 biebat,
911 3159 939 3202 et
958 3165 1005 3215 per
1020 3151 1198 3210 annotarem,
1209 3145 1329 3197 AEdilitn-

223 3225 353 3290 uifieerit,
361 3241 421 3278 eum
431 3227 570 3278 terminum
580 3225 682 3278 t'ulmlni
693 3241 755 3276 eon·
795 3235 858 3290 tem,
875 3242 907 3280 ne
918 3228 1066 3276 Praeturam
1080 3223 1180 3274 editum
1192 3221 1241 3271 sibi
1252 3229 1328 3285 pate-

217 3302 340 3366 jnnetour
361 3303 498 3366 expressit,
523 3302 627 3367 qualern
653 3299 755 3363 profert
795 3302 899 3354 fecisse.
932 3302 1027 3364 Neque
1038 3305 1125 3348 tamen
1134 3297 1228 3348 derunt
1238 3311 1329 3348 eorum

223 3375 391 3440 Tomentins,
406 3381 435 3426 et
447 3376 541 3440 literis,
558 3383 588 3432 ut
599 3376 700 3428 Gellius
709 3377 755 3427 lib.
795 3379 923 3442 maniplo,
950 3378 996 3442 uni
1017 3375 1137 3440 juniores
1163 3375 1328 3426 consulatum

225 3464 255 3502 x.
267 3466 326 3515 cap.
338 3457 379 3504 ll.
398 3451 468 3516 quod
483 3458 511 3502 et
523 3452 597 3502 'litus
614 3451 756 3516 imperator
796 3455 934 3519 gesserint,
957 3459 989 3509 ut
1012 3451 1118 3503 Corvini
1142 3457 1170 3502 et
1198 3447 1329 3514 Scipionis

225 3527 720 3593 anchoreeumdelpbinerlgnifloavit.
794 3529 985 3591 At'rieeubtoe.

257 3605 353 3654 ‘Noni
368 3605 473 3666 smair,
492 3605 672 3668 perpetueque]
700 3603 757 3656 lilla
827 3603 950 3666 *uagum
965 3601 1079 3652 Militare
1091 3601 1285 3661 vestimentum,
1295 3599 1329 3648 de

225 3678 425 3730 'triumuiratum
437 3679 612 3742 intelligettis
624 3694 685 3730 vero
693 3694 756 3732 ean·
795 3695 846 3746 qno
861 3681 889 3732 ln
905 3679 960 3730 dol.
975 3691 1000 3726 c.
1011 3679 1053 3726 48.
1073 3682 1100 3724 et
1111 3675 1161 3724 boe
1172 3673 1239 3722 libro
1251 3687 1276 3724 e.
1286 3677 1330 3725 nt.

225 3767 311 3808 snrenr
323 3754 536 3808 et'l'ribonieiem
548 3760 716 3818 potestatem,
726 3763 756 3808 ut
796 3756 879 3807 simile
901 3749 1062 3804 omninode
1085 3749 1136 3800 alio
1159 3748 1330 3812 centurione,

224 3845 283 3894 nep.
293 3831 410 3896 sequenti
419 3836 503 3894 petet,
519 3843 596 3894 quern
607 3830 668 3882 ideo
675 3832 756 3880 maui-
796 3844 872 3896 quem
883 3834 913 3880 ut
923 3829 1106 3891 prorogaretur
1116 3822 1262 3886 imperium,
1273 3823 1330 3874 Ct-

223 3919 265 3958 ms
285 3915 440 3971 perpetuam
458 3906 570 3970 recepit,
585 3905 655 3970 qnod
670 3920 755 3960 sacro-
795 3905 909 3956 tarotim
918 3903 1033 3954 miseret.
1056 3899 1122 3958 Cum
1129 3899 1196 3948 enim
1204 3911 1256 3946 non
1268 3913 1330 3962 pro-

224 3983 308 4032 senoti
318 3981 405 4032 forent
414 3982 511 4032 tribuni
522 3988 551 4032 et
561 3981 731 4032 inviolabiter.
796 3979 882 4042 rogeri
900 3977 1018 4041 vidisset,
1034 3988 1161 4024 concusso
1179 3987 1255 4024 menn
1273 3975 1330 4040 gle-

255 4056 268 4092 ¹¹
288 4057 417 4120 Vimine]
434 4057 498 4118 njn
516 4057 621 4108 honoris
635 4057 756 4120 capiendi
797 4055 874 4118 dio,‘
885 4055 926 4106 irie
937 4049 1103 4118 prorogent:
1114 4050 1208 4116 iuquit.

222 4130 508 4196 legitimnreunust'uit
525 4137 566 4184 48
583 4133 678 4184 Cicero
696 4133 758 4184 Plri-
829 4132 983 4186 *Parim
993 4130 1078 4193 moos]
1095 4127 1331 4193 Lessecavebetur,

224 4208 288 4275 lipp.
300 4223 330 4261 v.
339 4213 382 4262 48.
399 4207 490 4262 ‘oric
507 4206 758 4263 Alauonderltiaoe
798 4195 1330 4278 nequisintradeeemnmosbireundem
