3228 4926
309 370 374 436 318
735 383 768 432 c.
790 373 970 434 tuerentur

309 527 477 611 ingenium
493 523 659 591 sordidum
669 523 680 563 ¹
692 531 706 569 ¹
720 543 760 588 ac
772 524 869 589 ieron
883 523 1076 600 abdicavit:
1089 524 1306 608 seposuitque
1322 525 1401 590 Sur-

309 635 467 696 rentum.⁸
508 626 692 711 Aliquanto
705 633 818 690 autem
829 626 1012 709 patientius
1023 633 1172 704 mortem,
1183 646 1285 708 quam
1301 625 1401 692 dede-

310 749 389 795 cora
411 748 557 807 suorum,
583 729 670 792 tulit.
716 726 806 791 Nam
834 727 909 792 Caii
931 727 1094 810 Luciique
1116 746 1198 792 casu
1220 747 1285 792 non
1314 727 1400 792 adeo

309 831 445 908 fractus,
452 831 492 894 de
504 829 594 894 filia⁹
609 831 731 893 absens
743 848 784 896 ao
793 829 923 906 libello,
935 847 995 910 por
1011 827 1238 906 Questoremb
1249 829 1402 904 metam,-

310 940 427 996 notum
441 931 576 996 Senatui
585 931 683 1010 leoit3
698 930 924 1014 abstinuitque
936 948 1115 1011 congressu
1126 928 1295 994 bominum
1311 929 1399 994 diu¹⁰

310 1053 380 1118 pree
396 1032 535 1116 pudore,
550 1032 652 1095 etiam
667 1032 711 1096 de
725 1031 875 1096 necanda
890 1031 1094 1096 deliberavit.
1139 1031 1233 1094 Certe
1244 1049 1321 1094 cum
1334 1030 1399 1093 sub

309 1133 397 1198 idem
420 1138 552 1216 tempus
580 1152 649 1197 una
670 1152 714 1196 ex
740 1133 884 1197 consciis
907 1132 1035 1210 liberta,
1058 1130 1235 1195 l’boebe¹e
1256 1131 1402 1207 nomine,

310 1235 490 1318 suspendio
507 1235 611 1297 ritem
632 1235 774 1312 finisset,
796 1232 984 1298 ‘Maluisse
998 1232 1055 1312 se,'
1071 1233 1129 1308 ait,
1151 1231 1325 1296 ‘Phoebes
1340 1249 1403 1312 pa*

310 1342 395 1399 trem
409 1332 532 1398 inisse!
570 1334 743 1416 Relegatee
763 1353 857 1398 usum
872 1335 951 1409 vini,
966 1349 1161 1414 omnemque
1173 1331 1402 1396 delicatiorem

312 1436 439 1502 cultum
456 1435 598 1501 ademit:
619 1454 727 1519 neque
752 1435 840 1500 adiri
866 1453 888 1500 a
914 1435 1096 1519 quopiam²
1124 1433 1232 1497 libero
1253 1451 1402 1509 serrone,

766 1582 946 1604 *moment

311 1681 432 1731 Ceterum
442 1679 469 1728 ia
480 1679 591 1732 Massilia
601 1681 781 1732 babentVind.
793 1687 817 1731 2.
830 1681 953 1732 tiela-tl
968 1679 1104 1730 &mistum
1119 1677 1257 1742 legendnm
1265 1676 1403 1740 judicabat

311 1745 390 1794 Salm.
402 1745 527 1808 probante
539 1745 640 1793 Rnlrnlr.
651 1745 762 1794 stolidam
773 1747 813 1794 vel
824 1746 945 1796 borridum
953 1744 1065 1793 malebat
1075 1743 1185 1793 casaub.
1197 1741 1300 1792 favente
1310 1741 1402 1791 Heius.

311 1807 373 1856 nibil
384 1815 469 1856 tamen
480 1809 629 1856 mutandum
641 1817 759 1858 statuunt
767 1809 852 1859 Boxb.
863 1810 925 1858 Eru.
937 1808 1006 1858 Ond.
1019 1816 1046 1856 st
1056 1808 1167 1870 Bunmg.
1183 1806 1266 1856 Paulo
1275 1811 1336 1854 ante
1347 1818 1403 1854 voc.

310 1871 374 1920 breti
384 1884 435 1920 nou
446 1874 563 1932 agnoscit
574 1873 645 1921 Cort.
668 1873 731 1923 Mox
739 1874 863 1936 aliqnando
873 1873 946 1924 Cort.
956 1872 1031 1923 Cald.
1042 1872 1161 1934 cliqiteato
1178 1871 1249 1919 etiarn
1257 1869 1334 1919 vind.
1344 1873 1403 1919 2.-

310 1939 327 1984 9
346 1935 432 1984 Faetus
441 1936 469 1984 de
507 1936 531 1984 in
541 1951 587 1985 sen
599 1937 694 2001 defitioe
706 1936 770 1986 Ero.
782 1937 841 2000 Cuj.
859 1935 990 1987 AMedio.
1001 1941 1024 1986 1.
1035 1938 1123 1984 exulat
1134 1939 1235 1983 tra-ld
1253 1934 1311 1984 Non
1324 1947 1403 1996 eppa·

310 2006 352 2048 ret
362 1999 404 2048 diu
415 1999 441 2047 iu
482 2001 570 2049 srlern.
596 2001 667 2049 Dein
678 2001 758 2049 vind.
772 2005 794 2050 l.
805 2002 907 2051 necando
917 2005 1000 2051 es.-i
1019 1999 1086 2048 Hac
1100 1997 1246 2048 emendatio
1257 1997 1342 2046 Pulnr.
1354 2003 1405 2058 est,

310 2068 340 2111 ut
350 2070 376 2110 et
388 2077 447 2112 mox
460 2063 568 2120 Pboeber.
577 2079 652 2126 qnam
665 2079 695 2112 ex
709 2064 799 2114 Dionis
810 2065 854 2114 lib.
865 2078 909 2115 nv.
919 2063 952 2114 ad
964 2078 1044 2127 marg.
1062 2063 1110 2112 Ed.
1121 2062 1207 2112 Dolet.
1219 2061 1308 2111 allevit
1324 2060 1404 2111 stiam

312 2125 424 2188 Gipban.
443 2125 542 2177 Omnes
560 2129 624 2179 Mas.
640 2135 667 2178 st
684 2129 752 2180 Edd.
769 2129 844 2178 Vett.
861 2129 924 2179 dant
936 2127 1000 2178 Feds
1017 2134 1045 2177 et
1062 2127 1137 2177 Fedss
1155 2127 1196 2174 vel
1210 2127 1275 2175 Μ.
1302 2124 1333 2174 ln
1345 2125 1403 2174 Pel.

312 2189 375 2240 trib.
387 2190 466 2238 Foedoe
485 2205 529 2240 seu
548 2193 630 2242 Pede.
651 2193 783 2243 Medici.
801 2193 915 2242 seerrndn
933 2191 989 2241 loco
1001 2191 1082 2241 Foede.
1105 2190 1136 2239 ln
1156 2191 1220 2252 Cep.
1232 2189 1403 2252 turparemini.

310 2252 393 2303 Poeae.
413 2254 481 2302 Dein
492 2256 594 2318 nemias,
605 2271 662 2306 eum
674 2257 768 2306 omnib.
779 2258 832 2305 suls
842 2256 918 2306 codd.
930 2256 1042 2316 abesset,
1053 2254 1150 2317 abjecit
1162 2253 1238 2303 Grot.
1253 2267 1301 2302 nec
1313 2267 1403 2312 agnos·

311 2326 375 2366 cunt
387 2317 508 2383 Metisci,
519 2319 596 2367 vind.
607 2324 631 2368 1.
644 2320 704 2369 Pin.
717 2321 773 2384 Cuj.
791 2322 864 2370 Voss.
883 2320 950 2370 Edd.
960 2321 1027 2369 Veu·
1043 2325 1105 2378 tres,
1120 2318 1182 2381 Arg.
1201 2317 1309 2366 Mediol.
1328 2315 1402 2365 culn.

310 2379 375 2443 Arg.
394 2387 422 2429 et
438 2380 513 2432 lunt.
528 2384 595 2431 onde
611 2384 648 2434 slc
667 2383 805 2448 distinguit
824 2383 894 2433 0nd.
905 2399 952 2432 aaa
963 2397 994 2432 es
1006 2381 1113 2442 amanis,
1124 2379 1363 2430 dimidiata—2
1378 2378 1401 2428 A

311 2459 426 2508 quoquam
436 2447 518 2496 edidit
527 2447 597 2496 Oud.
608 2461 641 2496 ea
656 2448 722 2498 Μαι.
737 2447 805 2512 quod
817 2448 881 2497 solat
892 2446 1020 2510 omnibus,
1029 2452 1141 2510 excepto
1150 2446 1255 2495 Memor.
1266 2451 1293 2495 et
1306 2459 1339 2493 ex
1348 2443 1404 2492 edi·

805 2577 911 2630 Nom

310 2687 375 2738 llast
388 2688 535 2752 siccantem
546 2689 700 2740 conditionis
710 2704 836 2754 persona,
907 2697 920 2724 ⁸
935 2687 1087 2752 Samiam]
1107 2686 1139 2756 ln
1151 2685 1309 2751 Campania:
1327 2685 1403 2738 bodie

310 2762 360 2810 nisi
377 2775 501 2811 consensu
519 2765 608 2827 populi
625 2770 652 2813 et
667 2779 752 2814 eoram
766 2764 836 2813 Pou-
875 2761 998 2814 Scrutato.

311 2835 742 2902 titieibus,lnalteriuspotestatem
754 2844 836 2888 trans·
907 2839 919 2874 b
937 2836 1095 2899 cessorem]
1112 2836 1138 2886 ls
1152 2850 1185 2886 ex
1203 2849 1290 2884 eornm
1307 2849 1403 2898 genere

310 2913 348 2962 ire
373 2926 424 2961 non
450 2913 675 2977 permittebantur.
720 2915 835 2978 litoque
875 2914 935 2977 init,
955 2914 999 2980 qui
1027 2912 1159 2962 candidati
1187 2910 1311 2974 principis
1339 2911 1403 2962 dieti

310 2985 455 3052 adoptionis
471 2990 571 3052 species
585 2991 690 3054 propris
700 2989 835 3054 appellati·
876 3000 944 3048 snut,
955 3007 1062 3058 quorum
1080 3004 1160 3054 opera
1175 2989 1201 3038 in
1219 2990 1320 3054 libellis,
1333 2989 1404 3040 utila-

313 3077 364 3112 one
374 3062 510 3113 dicebatur
521 3066 658 3128 arrogetio.
875 3082 925 3134 qne
936 3066 1058 3131 ejusmodi
1070 3067 1096 3115 in
1106 3065 1204 3115 Senatu
1219 3063 1404 3130 significandis,

342 3138 506 3202 rSordidttm]
525 3141 598 3203 Legit
610 3139 776 3191 Cassubonns
786 3145 836 3188 sto·
875 3144 1006 3210 principes
1025 3148 1085 3206 post
1100 3155 1215 3191 eversam
1235 3142 1329 3206 Remp.
1347 3147 1421 3190 nte·.

310 3213 385 3263 W!-
402 3213 532 3274 aeserta:
549 3221 602 3263 tum
620 3214 681 3279 qula
697 3220 836 3278 nonnum
874 3220 981 3271 bantur.
1014 3218 1099 3282 idem,
1115 3217 1183 3283 quod
1199 3218 1240 3267 bis
1257 3213 1403 3275 Suetonius,

311 3288 836 3355 sordescaseneporurne‚qnammeauaa
875 3292 1404 3354 behetseneealtbandebenennam.

312 3364 458 3414 tmtaslras
468 3367 635 3430 conciperet5
652 3365 755 3431 (retum
765 3367 837 3430 quid·
875 3374 918 3422 82.
934 3370 988 3418 Ἰ).
1005 3369 1135 3432 Augustus
1149 3367 1227 3417 tiliam
1244 3369 1312 3416 intra
1328 3365 1403 3430 pudi-

310 3439 337 3487 ni
358 3447 409 3488 tam
430 3439 519 3489 iordes
541 3456 617 3505 quam
634 3441 763 3492 stoliditas
781 3442 837 3492 illas
875 3447 945 3495 citius
956 3443 1122 3496 maledictum
1138 3441 1292 3504 impudicam
1303 3440 1402 3504 relega·

312 3513 462 3578 excitanti)
481 3521 534 3564 tum
559 3516 620 3579 quis
636 3515 721 3565 Tacit.
742 3515 835 3566 Annal.
876 3520 925 3583 rit,
942 3524 971 3567 et
988 3515 1088 3579 flagitis
1104 3514 1252 3579 principalis
1269 3513 1358 3563 doinus
1376 3515 1403 3563 ln

310 3599 332 3637 ι.
350 3586 490 3651 Agrippum
508 3589 578 3638 illurn
595 3588 660 3638 dicit
678 3589 782 3639 ‘rudem
793 3591 837 3641 bo·
876 3591 1007 3656 publicum
1020 3583 1122 3650 emisit:
1133 3589 1181 3636 &a
1215 3588 1250 3636 Et
1266 3588 1322 3639 brec
1337 3604 1403 3653 pras·

312 3675 402 3712 nuum
411 3665 513 3726 artium,
522 3669 549 3712 st
557 3663 649 3714 robore
657 3665 772 3728 corporis
783 3674 835 3714 sto·
874 3672 947 3715 teres
956 3680 963 3714 t
973 3665 982 3692 ⁴
991 3663 1094 3713 Deinde
1102 3663 1331 3726 onm‚interposito
1340 3674 1403 3715 tern-

311 3735 364 3788 lids
379 3737 510 3788 ferocem!
540 3739 678 3788 Salmasius
690 3753 724 3788 ex
735 3753 781 3790 suo
793 3753 836 3789 co·
875 3755 947 3807 pore,
959 3741 984 3790 in
997 3741 1079 3790 losum
1090 3740 1135 3790 irae
1147 3739 1269 3791 subiisset
1282 3757 1404 3792 uerecun-

311 3812 369 3862 diae
380 3812 507 3876 probabat
517 3815 656 3877 temdum,
674 3812 742 3877 qnod
753 3819 836 3878 etop-
875 3817 929 3879 dis,
950 3831 1054 3882 gemens
1073 3815 1143 3881 quod
1166 3831 1216 3867 non
1236 3817 1282 3868 ills
1299 3819 1402 3869 silentio

312 3887 374 3937 time
386 3887 499 3938 dixerint
512 3896 552 3938 est
563 3889 628 3939 enirn
641 3889 735 3940 audax.
875 3892 1023 3956 pressisset,
1038 3894 1089 3942 dte.
1099 3891 1271 3942 exclamaritt
1301 3893 1401 3943 Horum

343 3969 355 3995 ¹
369 3961 507 4027 Abdicauit]
526 3962 633 4015 Abenis
644 3965 696 4018 suis
705 3965 800 4016 amovit
808 3971 837 4017 et
876 3968 937 4016 mibi
948 3967 1011 4016 nilrll
1022 3965 1165 4025 accidisset,
1185 3967 1207 4017 si
1220 3974 1266 4017 sut
1276 3965 1403 4034 Agrippa,

313 4036 493 4087 exhaeredavit.
516 4039 691 4090 Quintilianus
702 4041 729 4091 in
743 4043 835 4092 uecta·
877 4049 923 4092 aut
933 4042 1064 4093 bissenas
1080 4039 1202 4092 uixisset!

312 4117 375 4162 mat.
390 4113 449 4160 ‘lex
458 4113 626 4165 abdicationis
638 4115 836 4169 sdversnsl'ero·
908 4125 919 4152 ⁸
936 4117 1035 4180 Pisais]
1048 4118 1169 4180 Vulgata
1177 4117 1301 4166 editiones
1309 4124 1336 4167 et
1345 4117 1401 4183 qul-

313 4185 378 4236 eism
390 4183 499 4238 liliorum
511 4191 721 4244 constituturi?
876 4192 935 4246 dam
945 4194 1083 4254 Meascds
1094 4191 1204 4253 stfoeclss
1214 4191 1321 4244 babent.
