3120 4926
498 437 504 446 ·
614 398 820 478 uunrsu'ro.
1240 421 1262 482 9

167 572 309 646 eveniet,
320 577 370 647 ut,
383 588 459 652 quae
469 589 530 653 par
541 569 693 636 diversas
701 570 865 636 lectiones
875 571 1028 638 distribui
1040 573 1125 638 altas
1136 575 1259 655 solent,

167 689 238 734 una
256 671 439 752 eademque
462 671 597 752 iugenio
622 677 657 734 et
680 672 790 735 auimo
811 674 941 755 possint
961 676 1138 757 propinari.
1180 677 1260 741 Jam

167 792 247 854 quae
263 772 371 836 solent
385 771 582 836 Graecorum
594 780 808 838 monumenta
821 776 855 838 in
870 777 1026 840 manibus
1037 795 1112 840 esee
1127 776 1261 842 adoles·

168 873 388 951 oeuturlorum,
403 873 467 936 uisi
482 872 649 937 Plutarchi
664 874 748 938 sorte
763 874 849 938 banc
862 875 917 938 rel
934 875 1026 942 illam
1042 877 1144 941 vitam
1160 895 1261 944 exce·

167 975 278 1055 peris3
301 981 345 1051 et,
366 975 396 1037 si
419 973 564 1056 amplior
588 977 689 1039 etiam
715 975 882 1057 magistris
905 978 1069 1059 supellex,
1092 979 1260 1061 quomodo

167 1080 328 1158 poterunt
349 1074 462 1138 afferre
484 1080 534 1139 tot
548 1076 716 1160 volumina
731 1075 870 1158 ejusque
894 1076 1087 1160 plerumque
1101 1079 1211 1158 molis,
1227 1087 1260 1144 et

166 1177 363 1258 conquirere
391 1175 487 1240 locos
515 1176 551 1240 in
584 1176 777 1240 auctoribus
815 1177 944 1258 passim
974 1176 1157 1258 dispersos,
1186 1181 1257 1244 siue

167 1279 315 1342 maxima
331 1276 497 1354 molestia,
517 1284 552 1341 et
569 1277 618 1340 rei
639 1295 704 1341 non
727 1277 838 1340 minus
861 1295 962 1360 quam
982 1278 1138 1361 temporis
1162 1279 1260 1344 detri-

166 1381 304 1444 mento‘l
350 1379 416 1442 llis
430 1378 531 1460 igitur
543 1378 665 1442 ductus
679 1377 875 1455 rationibus,
890 1396 975 1461 quas
992 1397 1087 1444 ueras
1101 1379 1181 1444 mibi
1200 1399 1260 1444 ex-

49 1509 54 1522 ·
166 1481 332 1564 parientia
345 1486 380 1544 et
394 1479 603 1563 quotidiana,
619 1498 697 1560 quae
707 1479 742 1542 iu
756 1479 817 1542 boo
828 1479 1043 1544 iustitutionis
1056 1499 1173 1560 genere
1186 1499 1260 1546 rer*-
1374 1479 1378 1488 '

166 1585 270 1659 satur,
285 1600 389 1664 opera
401 1582 484 1645 satis
499 1580 810 1663 comprobaverant,
821 1579 914 1661 priua
929 1599 1029 1663 quam
1044 1581 1087 1644 ad
1102 1584 1259 1665 interpre-

166 1683 303 1748 tandum
321 1683 520 1748 ¹Suetonium
548 1681 751 1758 accederem,
766 1682 820 1745 rel
841 1680 984 1745 aliorum
1004 1684 1259 1748 commentarios

165 1783 368 1866 diligentiori
393 1782 504 1847 studio
519 1787 757 1865 perscrutarer,
770 1783 941 1864 repetitam
962 1783 1089 1848 institui
1102 1783 1255 1862 fontium,

165 1885 362 1951 Graecorum
389 1885 547 1961 maxime,
570 1883 760 1960 lectionem,
781 1885 839 1966 qui
861 1890 897 1948 ut
917 1885 951 1948 iu
972 1883 1115 1949 (iusseris
1132 1891 1166 1950 et
1187 1885 1258 1951 Au-

165 1987 255 2068 gusti
268 1987 341 2051 rita
365 1985 543 2067 largissimi
565 1983 711 2062 affluunt,
730 2003 812 2048 mox
838 1985 961 2048 sensim
988 1987 1179 2069 sensimque
1203 1988 1261 2051 de·

165 2093 324 2152 crescunt
340 2094 375 2151 et
397 2086 533 2172 tandem
557 2087 592 2150 in
617 2105 686 2150 uuo
707 2087 776 2150 lere
800 2087 909 2150 Dione
935 2105 1043 2169 eoque
1065 2106 1107 2150 ne
1131 2088 1260 2169 integro

165 2189 300 2271 quidem
316 2187 472 2252 residunt.
515 2187 570 2252 Ex
592 2187 656 2264 bis,
670 2207 746 2269 quae
773 2187 903 2251 Nostro
927 2188 1054 2269 gemirm
1067 2195 1194 2266 esseut,
1208 2188 1259 2253 di-

164 2291 307 2373 ligenter
334 2297 495 2374 excerpta
523 2293 644 2374 postea
673 2290 707 2352 in
738 2288 913 2354 asbuebda
941 2291 1018 2372 ipsa
1045 2289 1260 2353 unnotutiono

164 2411 256 2457 novo
277 2391 414 2456 dilectui
439 2391 581 2474 subjeci,
606 2390 696 2454 unde
713 2390 748 2453 id
770 2388 896 2453 iactum
922 2409 1032 2473 spero,
1046 2397 1086 2454 ut
1100 2389 1261 2472 aptiorem

165 2492 293 2576 saepius
316 2493 427 2556 locum
448 2499 482 2555 et
504 2490 771 2566 reconditiorem,
787 2507 888 2572 quam
906 2491 1026 2573 reliqui
1048 2492 1259 2574 interpretes,

163 2593 397 2676 compararim,
411 2594 447 2656 in
461 2611 530 2677 que
544 2597 655 2656 tamen
675 2610 710 2656 re
733 2591 822 2655 baud
845 2609 962 2674 pamm
977 2592 1129 2676 adjutum
1143 2613 1195 2657 me
1208 2595 1270 2658 la-'

163 2701 238 2757 teor
251 2693 380 2776 egregio
402 2693 547 2758 Fabricii
561 2700 594 2759 et
615 2692 765 2756 Reimari
787 2693 821 2754 in
846 2689 990 2757 Diouem
1005 2696 1259 2776 commentari03

163 2793 231 2869 rel,
253 2795 311 2858 ubi
330 2800 496 2878 praerepta
510 2793 582 2878 jam
609 2812 631 2857 a
654 2793 881 2875 superioribus
900 2797 1040 2860 materia
1060 2803 1162 2872 esset,
1177 2797 1260 2860 meis

164 2901 276 2959 nmen
290 2894 399 2958 oculis
414 2895 544 2976 singula
557 2894 695 2971 vidisse,
709 2913 816 2979 neque
833 2913 981 2978 unquam
995 2897 1042 2960 iu·
1051 2897 1166 2961 aliena
1179 2915 1260 2960 auc-

165 2997 301 3061 toritate
326 2996 547 3080 acquievisse,
562 2995 653 3061 laudi
676 2996 796 3060 ducere
816 2996 897 3060 mibi
916 2998 1051 3080 possim.
1094 2996 1260 3062 Pitiscum

164 3098 266 3174 enim,
280 3097 375 3182 cujus
389 3097 493 3161 editio
508 3097 664 3182 absoluta
678 3097 814 3160 demum
829 3097 977 3162 maxima
992 3098 1102 3180 operis
1115 3104 1210 3181 parte
1224 3099 1260 3163 iu
1291 3173 1294 3178 ,

162 3217 281 3263 manus
295 3215 390 3280 meas
405 3197 570 3280 pervenit,
586 3196 694 3280 reperi
708 3196 843 3280 quidem
855 3197 947 3261 idem
962 3199 1137 3264 consilium
1152 3199 1258 3263 fuisse

165 3306 327 3375 secutum,
357 3297 418 3362 sed
453 3317 530 3362 cum
561 3299 819 3362 commentarios
847 3298 1043 3380 iudicesque
1067 3299 1259 3381 promiscue

166 3398 370 3481 compilarat,
396 3399 441 3462 ob
463 3397 555 3481 quod
578 3417 709 3461 summo
729 3397 806 3481 jure
826 3397 927 3461 etiam
952 3399 996 3462 ab
1020 3397 1258 3484 Oudendorpio

164 3501 295 3584 passim
317 3501 469 3582 carpitur,
483 3507 519 3564 et
531 3498 641 3564 inutili
663 3499 748 3562 mole
771 3498 930 3564 lectorem
952 3501 1115 3576 obruisse,
1128 3507 1162 3566 et
1182 3501 1259 3568 con·

164 3601 294 3678 tulisse,
314 3619 390 3684 quse
406 3601 458 3666 vel
484 3619 602 3684 parum
619 3600 741 3664 idonee
759 3599 811 3664 vel
831 3600 944 3664 aliena
965 3601 1066 3664 etiam
1089 3606 1124 3664 et
1144 3603 1260 3668 absur-

165 3701 210 3767 da
229 3701 399 3766 attentiori
418 3701 557 3766 lectione
572 3701 671 3767 facile
690 3700 913 3782 cognovisset.
957 3701 1110 3766 Ceterum
1135 3703 1257 3787 politas

164 3802 272 3866 rarius
296 3799 446 3877 adhibui,
460 3802 525 3865 nisi
541 3803 597 3866 ubi
616 3800 660 3866 ad
674 3818 786 3865 mores
803 3800 920 3866 saeculi
938 3800 1152 3868 illustrandos
1166 3805 1259 3870 iace-

163 3907 246 3978 rent,
267 3900 391 3985 partim
414 3901 504 3982 quod
529 3902 662 3968 omniuo
685 3899 783 3985 hujus
810 3902 892 3966 artis
918 3910 983 3980 eat,
1008 3923 1129 3986 augere
1149 3925 1203 3970 res
1224 3915 1259 3972 et

164 4001 390 4086 splendidiore
414 4001 526 4066 colore
547 4001 719 4079 adornare,
744 4001 867 4085 partim
890 4002 982 4086 quod
1005 4004 1156 4071 adulatio
1180 4026 1258 4090 erga

162 4103 372 4169 foedissimos
387 4109 558 4186 tyrannos,
574 4123 643 4187 qua
653 4121 686 4168 v.
703 4122 733 4167 e.
748 4101 916 4168 Martialis
925 4108 958 4168 et
969 4103 1096 4172 Statius
1107 4107 1257 4187 affluunt,

164 4211 258 4270 tauto
282 4203 418 4271 fastidio
444 4203 573 4271 afficere
603 4205 755 4272 intimum
782 4205 885 4270 animi
905 4205 970 4270 mei
998 4225 1132 4274 sensum
1157 4209 1257 4286 solet,
